代码,名称,最新价,IOPV实时估值,基金折价率,涨跌额,涨跌幅,成交量,成交额,开盘价,最高价,最低价,昨收,振幅,换手率,量比,委比,外盘,内盘,主力净流入-净额,主力净流入-净占比,超大单净流入-净额,超大单净流入-净占比,大单净流入-净额,大单净流入-净占比,中单净流入-净额,中单净流入-净占比,小单净流入-净额,小单净流入-净占比,现手,买一,卖一,最新份额,流通市值,总市值,数据日期,更新时间
159100,巴西ETF,1.018,1.0166,-0.14,0.022,2.21,1422369.0,143688117.703,1.008,1.018,1.005,0.996,1.31,26.76,1.6,69.93,892857.0,529511.0,-6133178.0,-4.27,5838002.0,4.06,-11971180.0,-8.33,5456752.0,3.8,676426.0,0.47,31717.0,1.017,1.018,531546928.0,541114773,541114773,2025-12-16,2025-12-16 15:34:54+08:00
159529,标普消费ETF,1.425,1.3249,-7.56,0.023,1.64,13645089.0,1958500909.643,1.415,1.453,1.41,1.402,3.07,,3.54,-25.9,7269589.0,6375500.0,12615504.0,0.64,15139088.0,0.77,-2523584.0,-0.13,-13515200.0,-0.69,899691.0,0.05,-77244.0,1.425,1.426,682536784.0,972614917,972614917,2025-12-16,2025-12-16 15:34:27+08:00
520870,巴西ETF,1.006,1.0106,0.46,0.013,1.31,828717.0,83225580.0,1.003,1.008,1.001,0.993,0.7,17.34,1.33,3.71,452575.0,376142.0,8324308.0,10.0,17610504.0,21.16,-9286196.0,-11.16,-4103266.0,-4.93,-4221041.0,-5.07,-12090.0,1.006,1.007,477977200.0,480845063,480845063,2025-12-16,2025-12-16 15:52:55+08:00
563570,金融科技ETF兴业,0.938,0.9325,-0.59,0.012,1.3,131693.0,12205947.0,0.923,0.94,0.917,0.926,2.48,3.43,0.75,15.73,66226.0,65467.0,-189871.0,-1.56,-666763.0,-5.46,476892.0,3.91,64999.0,0.53,124873.0,1.02,-50.0,0.938,0.94,384374000.0,360542812,360542812,2025-12-16,2025-12-16 15:52:53+08:00
516520,智能驾驶ETF,1.223,1.2114,-0.96,0.014,1.16,557343.0,68073102.0,1.245,1.261,1.21,1.209,4.22,17.88,6.78,0.28,234989.0,322354.0,-21533307.0,-31.63,-26746338.0,-39.29,5213031.0,7.66,10781554.0,15.84,10751753.0,15.79,1.0,1.217,1.219,311765504.0,381289211,381289211,2025-12-16,2025-12-16 15:52:52+08:00
516100,金融科技ETF华夏,1.319,1.316,-0.23,0.013,1.0,293580.0,38455575.0,1.307,1.329,1.29,1.306,2.99,3.01,1.29,17.56,163587.0,129993.0,725326.0,1.89,452300.0,1.18,273026.0,0.71,-381113.0,-0.99,-344213.0,-0.9,458.0,1.317,1.318,976759696.0,1288346039,1288346039,2025-12-16,2025-12-16 15:52:57+08:00
159766,旅游ETF,0.756,0.7554,-0.08,0.007,0.93,4258955.0,321254374.513,0.751,0.761,0.748,0.749,1.74,7.95,1.74,0.28,2580023.0,1678932.0,-6820494.0,-2.12,-6173663.0,-1.92,-646831.0,-0.2,7087145.0,2.21,-266650.0,-0.08,28524.0,0.755,0.756,5359140864.0,4051510493,4051510493,2025-12-16,2025-12-16 15:34:06+08:00
562510,旅游ETF,0.764,0.7633,-0.09,0.007,0.92,661807.0,50482206.0,0.757,0.768,0.756,0.757,1.59,7.91,1.16,-6.54,364657.0,297150.0,720041.0,1.43,4635240.0,9.18,-3915199.0,-7.76,-481782.0,-0.95,-238258.0,-0.47,-50.0,0.764,0.765,836595008.0,639158586,639158586,2025-12-16,2025-12-16 15:52:53+08:00
159299,金融科技ETF易方达,0.886,0.8829,-0.35,0.008,0.91,155570.0,13630905.242,0.877,0.892,0.866,0.878,2.96,5.18,1.05,-45.25,73254.0,82316.0,-499449.0,-3.66,-469607.0,-3.45,-29842.0,-0.22,380279.0,2.79,119169.0,0.87,-1560.0,0.886,0.887,300472976.0,266219057,266219057,2025-12-16,2025-12-16 15:34:12+08:00
516860,金融科技ETF,1.366,1.3656,-0.03,0.011,0.81,719562.0,97892979.0,1.35,1.38,1.339,1.355,3.03,4.67,1.43,-50.43,407921.0,311641.0,3634959.0,3.71,-2527771.0,-2.58,6162730.0,6.3,216043.0,0.22,-3851002.0,-3.93,-678.0,1.366,1.367,1541522000.0,2105719052,2105719052,2025-12-16,2025-12-16 15:52:57+08:00
159872,智能网联汽车ETF,0.991,0.9885,-0.25,0.008,0.81,18677.0,1852988.7,0.99,1.0,0.983,0.983,1.73,3.99,4.29,20.63,11499.0,7178.0,-824498.0,-44.5,-190573.0,-10.28,-633925.0,-34.21,393927.0,21.26,430572.0,23.24,324.0,0.99,0.991,46799732.0,46378534,46378534,2025-12-16,2025-12-16 15:34:18+08:00
159795,智能汽车ETF基金,1.033,1.0291,-0.38,0.008,0.78,69038.0,7136505.385,1.035,1.055,1.026,1.025,2.83,19.63,2.21,-32.18,37639.0,31399.0,-998772.0,-14.0,-731368.0,-10.25,-267404.0,-3.75,652799.0,9.15,345973.0,4.85,40.0,1.03,1.033,35169473.0,36330066,36330066,2025-12-16,2025-12-16 15:34:12+08:00
159851,金融科技ETF,0.802,0.802,0.0,0.006,0.75,5103534.0,407536152.8,0.796,0.81,0.785,0.796,3.14,4.31,1.39,-15.1,2672624.0,2430910.0,15526746.0,3.81,25345239.0,6.22,-9818493.0,-2.41,-16115574.0,-3.95,588828.0,0.14,-20379.0,0.802,0.803,11852904192.0,9506029162,9506029162,2025-12-16,2025-12-16 15:34:27+08:00
159218,卫星产业ETF,1.397,1.3916,-0.39,0.01,0.72,1408360.0,193885734.268,1.381,1.412,1.352,1.387,4.33,23.73,1.28,-2.95,724653.0,683707.0,-14407377.0,-7.43,38750.0,0.02,-14446127.0,-7.45,10887718.0,5.62,3519658.0,1.82,-9938.0,1.397,1.398,593616384.0,829282088,829282088,2025-12-16,2025-12-16 15:34:36+08:00
563670,金融科技ETF指数,0.868,0.868,0.0,0.006,0.7,57887.0,4999989.0,0.86,0.876,0.851,0.862,2.9,1.29,1.58,19.26,29318.0,28569.0,22708.0,0.45,550024.0,11.0,-527316.0,-10.55,509455.0,10.19,-532163.0,-10.64,-452.0,0.868,0.869,447987008.0,388852723,388852723,2025-12-16,2025-12-16 15:52:52+08:00
515720,金融科技ETF富国,0.874,0.8729,-0.13,0.006,0.69,136177.0,11846112.0,0.867,0.882,0.857,0.868,2.88,1.92,1.23,-11.08,85133.0,51044.0,2850680.0,24.06,303236.0,2.56,2547444.0,21.5,-1091825.0,-9.22,-1758855.0,-14.85,2.0,0.873,0.874,710611008.0,621074021,621074021,2025-12-16,2025-12-16 15:52:55+08:00
515250,智能汽车ETF,1.094,1.0912,-0.26,0.007,0.64,671560.0,73660434.0,1.111,1.115,1.089,1.087,2.39,13.93,2.08,54.03,412122.0,259439.0,-9056459.0,-12.29,-5699524.0,-7.74,-3356935.0,-4.56,3752079.0,5.09,5304378.0,7.2,-300.0,1.094,1.095,481944496.0,527247279,527247279,2025-12-16,2025-12-16 15:52:57+08:00
512630,卫星ETF广发,1.147,1.1445,-0.22,0.007,0.61,702886.0,79383187.0,1.138,1.156,1.109,1.14,4.12,14.91,1.03,9.4,385828.0,317058.0,7098648.0,8.94,21027297.0,26.49,-13928649.0,-17.55,-5650829.0,-7.12,-1447819.0,-1.82,-1349.0,1.147,1.148,471426000.0,540725622,540725622,2025-12-16,2025-12-16 15:52:59+08:00
159103,金融科技ETF汇添富,0.855,0.8556,0.07,0.005,0.59,105016.0,8938170.254,0.848,0.864,0.84,0.85,2.82,3.38,1.47,-13.94,44648.0,60368.0,443182.0,4.96,-1490171.0,-16.67,1933353.0,21.63,399375.0,4.47,-842557.0,-9.43,-700.0,0.855,0.856,310406768.0,265397787,265397787,2025-12-16,2025-12-16 15:34:57+08:00
563530,卫星ETF易方达,1.138,1.1346,-0.3,0.006,0.53,617625.0,69623115.0,1.132,1.15,1.1,1.132,4.42,34.55,1.81,-1.19,385015.0,232610.0,-14966770.0,-21.5,-17690398.0,-25.41,2723628.0,3.91,10054510.0,14.44,4912259.0,7.06,1.0,1.136,1.137,178748000.0,203415224,203415224,2025-12-16,2025-12-16 15:52:52+08:00
159985,豆粕ETF,1.96,1.9166,-2.26,0.009,0.46,771551.0,150961633.4,1.952,1.962,1.951,1.951,0.56,5.69,0.98,-27.52,457890.0,313661.0,5258604.0,3.48,5781607.0,3.83,-523003.0,-0.35,-5801362.0,-3.84,542758.0,0.36,-7673.0,1.96,1.961,1355524064.0,2656827165,2656827165,2025-12-16,2025-12-16 15:34:15+08:00
159512,汽车ETF,1.433,1.4322,-0.06,0.005,0.35,64977.0,9329433.5,1.444,1.45,1.422,1.428,1.96,11.76,1.27,-39.55,30816.0,34161.0,-1877397.0,-20.12,-19105.0,-0.2,-1858292.0,-19.92,796482.0,8.54,1080915.0,11.59,203.0,1.432,1.433,55264855.0,79194537,79194537,2025-12-16,2025-12-16 15:34:48+08:00
159888,智能车ETF,1.207,1.2062,-0.07,0.004,0.33,85592.0,10367035.1,1.215,1.226,1.204,1.203,1.83,14.4,1.19,19.79,43944.0,41648.0,67619.0,0.65,0.0,0.0,67619.0,0.65,-444888.0,-4.29,377268.0,3.64,-300.0,1.207,1.208,59446068.0,71751404,71751404,2025-12-16,2025-12-16 15:34:51+08:00
159889,智能汽车ETF,1.041,1.0408,-0.02,0.002,0.19,71811.0,7508317.2,1.049,1.06,1.039,1.039,2.02,18.23,4.62,3.96,44079.0,27732.0,-146024.0,-1.94,-118872.0,-1.58,-27152.0,-0.36,-127183.0,-1.69,273207.0,3.64,-30.0,1.041,1.044,39400796.0,41016229,41016229,2025-12-16,2025-12-16 15:34:27+08:00
563230,卫星ETF,1.144,1.1433,-0.06,0.002,0.18,763061.0,86235508.0,1.144,1.158,1.108,1.142,4.38,28.99,1.7,26.63,398292.0,364769.0,-14064091.0,-16.31,-9803830.0,-11.37,-4260261.0,-4.94,8295095.0,9.62,5768996.0,6.69,-402.0,1.142,1.145,263237000.0,301143128,301143128,2025-12-16,2025-12-16 15:52:53+08:00
512690,酒ETF,0.555,0.5539,-0.2,0.001,0.18,11788407.0,652025185.0,0.553,0.555,0.55,0.554,0.9,3.25,0.71,40.76,5567896.0,6220511.0,10953653.0,1.68,127656144.0,19.58,-116702491.0,-17.9,-16541896.0,-2.54,5588239.0,0.86,12464.0,0.554,0.555,36281950208.0,20136482365,20136482365,2025-12-16,2025-12-16 15:52:58+08:00
159862,食品ETF,0.649,0.6484,-0.09,0.001,0.15,90638.0,5871099.9,0.645,0.65,0.645,0.648,0.77,3.62,1.05,-62.44,43071.0,47567.0,-329804.0,-5.62,-418430.0,-7.13,88626.0,1.51,187245.0,3.19,142558.0,2.43,3076.0,0.649,0.65,250500623.0,162574904,162574904,2025-12-16,2025-12-16 15:34:33+08:00
159283,通用航空ETF南方,1.009,1.0082,-0.08,0.001,0.1,202877.0,20336164.828,1.008,1.016,0.986,1.008,2.98,16.17,1.36,-42.81,108753.0,94124.0,518542.0,2.55,1190045.0,5.85,-671503.0,-3.3,-160257.0,-0.79,-358284.0,-1.76,-6.0,1.009,1.01,125437981.0,126566923,126566923,2025-12-16,2025-12-16 15:34:57+08:00
515650,消费50ETF,1.188,1.1859,-0.18,0.001,0.08,830462.0,98520605.0,1.19,1.192,1.183,1.187,0.76,2.98,1.16,17.37,433975.0,396487.0,-21510887.0,-21.83,-32783093.0,-33.28,11272206.0,11.44,16614941.0,16.86,4895947.0,4.97,94.0,1.188,1.189,2787184000.0,3311174592,3311174592,2025-12-16,2025-12-16 15:52:56+08:00
511950,添利货币ETF,100.021,,,0.021,0.02,154.0,1542229.0,99.997,100.028,99.997,100.0,0.03,4.29,3.96,45.07,33.0,121.0,530114.0,34.37,0.0,0.0,530114.0,34.37,-288859.0,-18.73,-241254.0,-15.64,2.0,100.003,100.02,359300.0,35937545,35937545,2025-12-16,2025-12-16 15:52:39+08:00
511880,银华日利ETF,101.164,,,0.013,0.01,1486454.0,15036486907.0,101.15,101.166,101.149,101.151,0.02,17.81,1.3,70.89,720449.0,766005.0,155553456.0,1.03,365372160.0,2.43,-209818704.0,-1.4,-108688880.0,-0.72,-46864607.0,-0.31,27.0,101.162,101.163,834462208.0,84417534810,84417534810,2025-12-16,2025-12-16 15:52:38+08:00
511800,易方达货币ETF,100.007,,,0.007,0.01,889.0,8889779.0,99.997,100.01,99.996,100.0,0.01,5.12,2.64,26.77,503.0,386.0,-726701.0,-8.17,-26324.0,-0.3,-700377.0,-7.88,579794.0,6.52,146907.0,1.65,-5.0,100.005,100.008,1736500.0,173662156,173662156,2025-12-16,2025-12-16 15:52:45+08:00
511820,鹏华添利ETF,99.998,,,-0.002,0.0,3.0,30000.0,100.002,100.004,99.998,100.0,0.01,0.03,0.27,37.38,1.0,2.0,0.0,0.0,0.0,0.0,0.0,0.0,9999.0,33.33,-10000.0,-33.33,-1.0,99.999,100.003,926400.0,92638147,92638147,2025-12-16,2025-12-16 15:52:30+08:00
511900,富国货币ETF,99.999,,,0.001,0.0,3025.0,30250383.0,99.996,99.999,99.996,99.998,0.0,17.47,1.51,-82.68,1624.0,1401.0,-1439967.0,-4.76,429964.0,1.42,-1869931.0,-6.18,1091075.0,3.61,348892.0,1.15,25.0,99.997,99.999,1731400.0,173138269,173138269,2025-12-16,2025-12-16 15:52:45+08:00
511810,理财金货币ETF,99.998,,,-0.002,0.0,2182.0,21817356.0,99.999,100.0,99.996,100.0,0.0,5.05,2.77,-94.15,1093.0,1089.0,-1659357.0,-7.61,-6657052.0,-30.51,4997695.0,22.91,1577362.0,7.23,81996.0,0.38,-12.0,99.997,99.999,4322100.0,432201356,432201356,2025-12-16,2025-12-16 15:52:48+08:00
511770,金鹰增益货币ETF,100.004,,,0.004,0.0,15.0,150901.0,99.998,100.004,99.998,100.0,0.01,1.86,0.55,-62.5,6.0,9.0,40901.0,27.1,0.0,0.0,40901.0,27.1,0.0,0.0,-40902.0,-27.11,4.0,99.991,100.005,81200.0,8120325,8120325,2025-12-16,2025-12-16 15:52:48+08:00
511860,保证金货币ETF,100.0,,,0.0,0.0,24.0,243506.0,100.0,100.003,100.0,100.0,0.0,0.56,0.19,23.01,18.0,6.0,-116404.0,-47.8,-116404.0,-47.8,0.0,0.0,139904.0,57.45,-23500.0,-9.65,-3.0,100.001,100.004,433300.0,43330000,43330000,2025-12-16,2025-12-16 15:52:52+08:00
511650,华夏快线ETF,100.001,,,0.001,0.0,178.0,1781301.0,100.0,100.001,99.999,100.0,0.0,1.97,1.44,-25.42,68.0,110.0,100196.0,5.62,120198.0,6.75,-20002.0,-1.12,-88897.0,-4.99,-11300.0,-0.63,4.0,100.001,100.004,904100.0,90410904,90410904,2025-12-16,2025-12-16 15:52:41+08:00
511830,华泰货币ETF,100.001,,,0.0,0.0,37.0,370229.0,99.997,100.02,99.997,100.001,0.02,1.5,3.76,91.85,15.0,22.0,90000.0,24.31,0.0,0.0,90000.0,24.31,-150001.0,-40.52,60002.0,16.21,0.0,100.0,100.01,247100.0,24710247,24710247,2025-12-16,2025-12-16 15:52:47+08:00
511700,场内货币ETF,99.998,,,-0.002,0.0,17935.0,179342866.0,99.998,99.999,99.995,100.0,0.0,13.56,1.84,-41.11,6861.0,11074.0,-2716688.0,-1.51,-11915623.0,-6.64,9198935.0,5.13,1567905.0,0.87,1148783.0,0.64,-6.0,99.998,99.999,13222600.0,1322233555,1322233555,2025-12-16,2025-12-16 15:52:41+08:00
511690,交易货币ETF,100.002,,,-0.001,0.0,1338.0,13377550.0,100.0,100.002,99.999,100.003,0.0,1.53,0.99,7.75,691.0,647.0,-450519.0,-3.37,2207781.0,16.5,-2658300.0,-19.87,601115.0,4.49,-150598.0,-1.13,10.0,100.001,100.002,8722500.0,872267445,872267445,2025-12-16,2025-12-16 15:52:53+08:00
511670,华泰天天金ETF,100.002,,,0.0,0.0,,,,,,100.002,0.0,0.0,,-66.72,,,,,,,,,,,,,,98.931,100.006,128800.0,12880258,12880258,2025-12-16,2025-12-16 15:52:42+08:00
511660,货币ETF建信添益,99.999,,,0.001,0.0,100401.0,1003976115.0,99.995,100.0,99.993,99.998,0.01,9.57,1.15,65.16,59590.0,40811.0,10627240.0,1.06,14946608.0,1.49,-4319368.0,-0.43,-10163935.0,-1.01,-463296.0,-0.05,33.0,99.999,100.0,104907600.0,10490655092,10490655092,2025-12-16,2025-12-16 15:52:43+08:00
511990,华宝添益ETF,100.0,,,0.003,0.0,1239625.0,12395892866.0,99.994,100.002,99.993,99.997,0.01,14.52,1.36,-20.55,674017.0,565608.0,36165568.0,0.29,3763200.0,0.03,32402368.0,0.26,-23519521.0,-0.19,-12645979.0,-0.1,326.0,99.998,99.999,853995696.0,85399569600,85399569600,2025-12-16,2025-12-16 15:52:46+08:00
511970,国寿货币ETF,100.002,,,0.001,0.0,66.0,660152.0,100.003,100.02,100.001,100.001,0.02,2.01,1.5,0.0,26.0,40.0,-210004.0,-31.81,0.0,0.0,-210004.0,-31.81,200405.0,30.36,9599.0,1.45,-1.0,100.002,100.006,328300.0,32830657,32830657,2025-12-16,2025-12-16 15:52:57+08:00
511920,广发货币ETF,100.002,,,0.002,0.0,50.0,502595.0,99.997,100.002,99.996,100.0,0.01,1.41,1.16,-81.84,11.0,40.0,0.0,0.0,0.0,0.0,0.0,0.0,-52497.0,-10.45,52497.0,10.45,-5.0,99.9,100.002,355700.0,35570711,35570711,2025-12-16,2025-12-16 15:52:49+08:00
511960,嘉实快线ETF,100.0,,,-0.002,0.0,5.0,50000.0,100.0,100.0,100.0,100.002,0.0,0.21,0.03,0.42,,5.0,50000.0,100.0,50000.0,100.0,0.0,0.0,-50000.0,-100.0,0.0,0.0,-5.0,99.999,100.001,234400.0,23440000,23440000,2025-12-16,2025-12-16 15:52:51+08:00
511620,货币基金ETF,100.001,,,0.001,0.0,2625.0,26247254.0,99.997,100.003,99.996,100.0,0.01,7.0,1.14,-39.23,1357.0,1267.0,420427.0,1.6,2267515.0,8.64,-1847088.0,-7.04,-140532.0,-0.54,-279894.0,-1.07,9.0,99.999,100.001,3750300.0,375033750,375033750,2025-12-16,2025-12-16 15:52:57+08:00
159003,招商快线ETF,99.999,,,-0.001,0.0,1563.0,15634451.155,99.999,100.001,99.999,100.0,0.0,7.22,0.59,58.49,682.0,881.0,189996.0,1.22,-1855482.0,-11.87,2045478.0,13.08,480002.0,3.07,-669998.0,-4.29,-10.0,99.999,100.001,2165762.0,216574034,216574034,2025-12-16,2025-12-16 15:34:54+08:00
159005,汇添富快钱ETF,99.999,,,-0.001,0.0,383.0,3830888.691,99.999,100.001,99.999,100.0,0.0,4.67,0.26,10.79,247.0,136.0,426888.0,11.14,-14002.0,-0.37,440890.0,11.51,-209990.0,-5.48,-216900.0,-5.66,-12.0,99.999,100.001,819602.0,81959380,81959380,2025-12-16,2025-12-16 15:34:57+08:00
563320,通用航空ETF,0.977,0.9776,0.06,0.0,0.0,325298.0,31646365.0,0.982,0.984,0.956,0.977,2.87,4.4,1.35,-33.82,167673.0,157625.0,3091226.0,9.77,4389516.0,13.87,-1298290.0,-4.1,-2013600.0,-6.36,-1077625.0,-3.41,-100.0,0.977,0.979,739892000.0,722874484,722874484,2025-12-16,2025-12-16 15:52:52+08:00
159843,食品饮料ETF,0.637,0.6364,-0.09,0.0,0.0,177691.0,11298383.2,0.637,0.638,0.634,0.637,0.63,2.49,0.8,9.26,78393.0,99298.0,-244967.0,-2.17,1136299.0,10.06,-1381266.0,-12.23,-127758.0,-1.13,372725.0,3.3,701.0,0.636,0.637,713955136.0,454789422,454789422,2025-12-16,2025-12-16 15:34:42+08:00
515170,食品饮料ETF,0.555,0.5541,-0.16,0.0,0.0,1785297.0,98816320.0,0.554,0.556,0.552,0.555,0.72,1.62,0.7,11.47,807023.0,978274.0,-1809719.0,-1.83,9948522.0,10.07,-11758241.0,-11.9,34755.0,0.04,1774965.0,1.8,10000.0,0.554,0.555,11053757952.0,6134835663,6134835663,2025-12-16,2025-12-16 15:52:56+08:00
159001,货币ETF,99.999,,,-0.002,0.0,86165.0,861648066.346,99.999,100.0,99.999,100.001,0.0,47.97,0.96,-40.21,51987.0,34179.0,2277901.0,0.26,-10637824.0,-1.23,12915725.0,1.5,23887923.0,2.77,-26165837.0,-3.04,-1901.0,99.999,100.0,17963086.0,1796290637,1796290637,2025-12-16,2025-12-16 15:34:54+08:00
516900,食品饮料ETF基金,0.588,0.5878,-0.03,0.0,0.0,61129.0,3591057.0,0.59,0.59,0.585,0.588,0.85,1.99,0.78,-16.1,37920.0,23209.0,-296906.0,-8.27,4610.0,0.13,-301516.0,-8.4,74827.0,2.08,222079.0,6.18,46.0,0.587,0.588,307229008.0,180650657,180650657,2025-12-16,2025-12-16 15:52:55+08:00
511850,财富宝ETF,100.002,,,0.0,0.0,22073.0,220724350.0,100.0,100.002,99.996,100.002,0.01,18.1,1.7,-35.53,11472.0,10601.0,-1977277.0,-0.9,-1885466.0,-0.85,-91811.0,-0.04,2321379.0,1.05,-344101.0,-0.16,60.0,100.0,100.002,12196400.0,1219664393,1219664393,2025-12-16,2025-12-16 15:52:58+08:00
511930,国联日盈货币ETF,100.0,,,0.0,0.0,5.0,50000.0,99.997,100.0,99.997,100.0,0.0,0.27,0.33,-58.03,4.0,1.0,0.0,0.0,0.0,0.0,0.0,0.0,40000.0,80.0,-40000.0,-80.0,4.0,98.926,100.003,187800.0,18780000,18780000,2025-12-16,2025-12-16 15:52:34+08:00
511600,货币ETF,100.001,,,-0.01,-0.01,357.0,3570147.0,100.008,100.008,100.0,100.011,0.01,7.23,0.65,-33.33,170.0,187.0,-80002.0,-2.24,420003.0,11.76,-500005.0,-14.01,100001.0,2.8,-19999.0,-0.56,29.0,99.997,100.007,494100.0,49410494,49410494,2025-12-16,2025-12-16 15:52:48+08:00
511910,融通货币ETF,100.002,,,-0.01,-0.01,1.0,10000.0,100.002,100.002,100.002,100.012,0.0,0.11,0.04,-80.02,,1.0,0.0,0.0,0.0,0.0,0.0,0.0,10000.0,100.0,-10000.0,-100.0,-1.0,98.966,100.009,93500.0,9350187,9350187,2025-12-16,2025-12-16 15:52:39+08:00
511980,现金添富ETF,100.053,,,-0.025,-0.02,44.0,440351.0,100.053,100.077,100.053,100.078,0.02,1.83,2.06,-78.4,7.0,37.0,-80042.0,-18.18,0.0,0.0,-80042.0,-18.18,90048.0,20.45,-10005.0,-2.27,0.0,100.052,100.06,240900.0,24102768,24102768,2025-12-16,2025-12-16 15:52:39+08:00
511160,国债ETF东财,100.955,,,-0.017,-0.02,3221.0,32519881.0,100.968,100.968,100.951,100.972,0.02,0.94,0.08,45.31,525.0,2696.0,1231680.0,3.79,3220740.0,9.9,-1989060.0,-6.12,-1070144.0,-3.29,-161536.0,-0.5,-2.0,100.955,100.964,34310900.0,3463856910,3463856910,2025-12-16,2025-12-16 15:52:35+08:00
513080,法国CAC40ETF,1.787,1.7792,-0.44,-0.001,-0.06,184974.0,33125955.0,1.797,1.799,1.786,1.788,0.73,3.21,1.16,-79.71,82107.0,102867.0,-1531908.0,-4.62,-571888.0,-1.73,-960020.0,-2.9,-817553.0,-2.47,2349461.0,7.09,75.0,1.786,1.787,575916000.0,1029161892,1029161892,2025-12-16,2025-12-16 15:52:59+08:00
561660,通用航空ETF基金,1.075,1.0762,0.11,-0.001,-0.09,192396.0,20478876.0,1.079,1.085,1.054,1.076,2.88,32.77,1.35,50.77,105877.0,86519.0,698110.0,3.41,-3393339.0,-16.57,4091449.0,19.98,-686420.0,-3.35,-11690.0,-0.06,-300.0,1.075,1.077,58710000.0,63113250,63113250,2025-12-16,2025-12-16 15:52:55+08:00
560570,A500红利ETF,0.998,0.9968,-0.12,-0.001,-0.1,371279.0,36989380.0,1.002,1.002,0.994,0.999,0.8,2.93,0.93,8.83,160533.0,210746.0,-403769.0,-1.09,-355125.0,-0.96,-48644.0,-0.13,273895.0,0.74,129874.0,0.35,100.0,0.996,0.998,1267541200.0,1265006118,1265006118,2025-12-16,2025-12-16 15:52:53+08:00
159666,交通运输ETF,0.994,0.9942,0.02,-0.001,-0.1,86804.0,8617016.3,0.998,0.999,0.989,0.995,1.01,9.88,1.26,-41.59,42537.0,44267.0,-693139.0,-8.04,-1106283.0,-12.84,413144.0,4.79,488348.0,5.67,204792.0,2.38,10.0,0.992,0.994,87832905.0,87305908,87305908,2025-12-16,2025-12-16 15:34:54+08:00
159670,消费50ETF国联安,0.972,0.9724,0.04,-0.001,-0.1,27132.0,2637756.7,0.972,0.974,0.969,0.973,0.51,4.87,0.85,-11.94,13985.0,13147.0,-93006.0,-3.53,486.0,0.02,-93492.0,-3.54,95248.0,3.61,-2241.0,-0.08,100.0,0.971,0.972,55706921.0,54147127,54147127,2025-12-16,2025-12-16 15:34:57+08:00
159798,消费ETF易方达,0.955,0.955,0.0,-0.001,-0.1,45581.0,4349345.1,0.956,0.957,0.951,0.956,0.63,3.79,0.74,4.03,25815.0,19766.0,-628796.0,-14.46,-548740.0,-12.62,-80056.0,-1.84,312640.0,7.19,316155.0,7.27,-5.0,0.955,0.956,120245390.0,114834347,114834347,2025-12-16,2025-12-16 15:34:24+08:00
159520,消费龙头ETF,1.049,1.0481,-0.09,-0.001,-0.1,106405.0,11159974.9,1.05,1.054,1.046,1.05,0.76,6.77,1.37,-15.07,51542.0,54863.0,-607603.0,-5.44,-982844.0,-8.81,375241.0,3.36,291833.0,2.61,315770.0,2.83,-76.0,1.049,1.05,157177649.0,164879354,164879354,2025-12-16,2025-12-16 15:34:45+08:00
563510,A500红利低波ETF,0.984,0.983,-0.1,-0.001,-0.1,77829.0,7641605.0,0.985,0.988,0.979,0.985,0.91,1.93,1.05,40.3,19087.0,58742.0,-423994.0,-5.55,1622649.0,21.23,-2046643.0,-26.78,95462.0,1.25,328533.0,4.3,-269.0,0.984,0.985,402537008.0,396096416,396096416,2025-12-16,2025-12-16 15:52:53+08:00
159672,主要消费ETF,0.755,0.7544,-0.08,-0.001,-0.13,32069.0,2418518.3,0.76,0.76,0.751,0.756,1.19,2.92,0.68,16.16,15222.0,16847.0,-276693.0,-11.44,-35365.0,-1.46,-241328.0,-9.98,109473.0,4.53,167220.0,6.91,5.0,0.753,0.754,109887409.0,82964994,82964994,2025-12-16,2025-12-16 15:34:06+08:00
159719,国企共赢ETF,1.578,1.5793,0.08,-0.002,-0.13,73932.0,11661458.2,1.592,1.592,1.568,1.58,1.52,19.36,1.49,-7.74,47000.0,26932.0,-3917355.0,-33.59,0.0,0.0,-3917355.0,-33.59,-23919.0,-0.21,3941273.0,33.8,-18.0,1.578,1.584,38195986.0,60273266,60273266,2025-12-16,2025-12-16 15:34:06+08:00
516670,畜牧养殖ETF,0.711,0.7115,0.07,-0.001,-0.14,494815.0,35108826.0,0.712,0.72,0.704,0.712,2.25,2.56,1.19,42.77,306504.0,188311.0,-383155.0,-1.09,-6578737.0,-18.74,6195582.0,17.65,-108445.0,-0.31,491601.0,1.4,-40.0,0.711,0.712,1936266304.0,1376685342,1376685342,2025-12-16,2025-12-16 15:52:56+08:00
512600,消费ETF嘉实,0.682,0.6805,-0.22,-0.001,-0.15,538937.0,36733089.0,0.683,0.684,0.678,0.683,0.88,4.88,3.44,45.37,299511.0,239426.0,-1283413.0,-3.49,1396972.0,3.8,-2680385.0,-7.3,847686.0,2.31,435728.0,1.19,146.0,0.681,0.682,1104556096.0,753307257,753307257,2025-12-16,2025-12-16 15:52:59+08:00
159203,大盘成长ETF,1.307,1.292,-1.16,-0.002,-0.15,15042.0,1944513.8,1.303,1.307,1.286,1.309,1.6,15.36,3.05,-3.28,2596.0,12446.0,-161669.0,-8.31,0.0,0.0,-161669.0,-8.31,155774.0,8.01,5895.0,0.3,1.0,1.292,1.307,9791913.0,12798030,12798030,2025-12-16,2025-12-16 15:34:09+08:00
515710,食品ETF,0.59,0.5904,0.07,-0.001,-0.17,575059.0,33894948.0,0.59,0.598,0.587,0.591,1.86,2.11,0.77,8.61,301563.0,273496.0,-129353.0,-0.38,1085854.0,3.2,-1215207.0,-3.59,-773427.0,-2.28,902779.0,2.66,-1468.0,0.59,0.591,2728099808.0,1609578887,1609578887,2025-12-16,2025-12-16 15:52:56+08:00
561320,交运ETF,0.952,0.9547,0.28,-0.002,-0.21,7312.0,695882.0,0.954,0.958,0.948,0.954,1.05,0.95,0.26,-5.56,2994.0,4318.0,-121174.0,-17.41,22993.0,3.3,-144167.0,-20.72,78784.0,11.32,42390.0,6.09,-1.0,0.951,0.957,77369000.0,73655288,73655288,2025-12-16,2025-12-16 15:52:54+08:00
516110,汽车ETF,1.373,1.3724,-0.04,-0.003,-0.22,155366.0,21393716.0,1.387,1.4,1.368,1.376,2.33,3.71,0.81,8.55,56605.0,98761.0,190408.0,0.89,-1151983.0,-5.38,1342391.0,6.27,-1188083.0,-5.55,997676.0,4.66,50.0,1.372,1.374,418623104.0,574769522,574769522,2025-12-16,2025-12-16 15:52:56+08:00
560680,消费ETF龙头,0.875,0.8741,-0.1,-0.002,-0.23,210539.0,18395904.0,0.879,0.879,0.871,0.877,0.91,5.99,0.86,38.88,87586.0,122953.0,-2350575.0,-12.78,-959740.0,-5.22,-1390835.0,-7.56,1193186.0,6.49,1157390.0,6.29,838.0,0.874,0.875,351725600.0,307759900,307759900,2025-12-16,2025-12-16 15:52:55+08:00
159936,可选消费ETF,2.132,2.1306,-0.07,-0.005,-0.23,26516.0,5661301.7,2.143,2.153,2.128,2.137,1.17,1.77,3.28,-18.61,17023.0,9493.0,-3044600.0,-53.78,-1308751.0,-23.12,-1735849.0,-30.66,-60670.0,-1.07,3105270.0,54.85,-188.0,2.132,2.133,150156094.0,320132792,320132792,2025-12-16,2025-12-16 15:34:12+08:00
516810,农业50ETF,0.834,0.8346,0.07,-0.002,-0.24,1056431.0,88035925.0,0.836,0.841,0.828,0.836,1.56,20.94,3.44,1.67,746760.0,309671.0,-470454.0,-0.53,15358860.0,17.45,-15829314.0,-17.98,400550.0,0.45,69905.0,0.08,147.0,0.832,0.835,504478896.0,420735399,420735399,2025-12-16,2025-12-16 15:52:57+08:00
159928,消费ETF,0.799,0.7996,0.08,-0.002,-0.25,5675851.0,453719593.7,0.803,0.804,0.796,0.801,1.0,2.18,1.04,6.35,2615971.0,3059880.0,-57107597.0,-12.59,-85355748.0,-18.81,28248151.0,6.23,31872284.0,7.02,25235319.0,5.56,-53959.0,0.799,0.8,26030629120.0,20798472667,20798472667,2025-12-16,2025-12-16 15:34:57+08:00
159981,能源化工ETF,1.183,1.1854,0.2,-0.003,-0.25,738953.0,87187173.0,1.181,1.184,1.177,1.186,0.59,5.34,0.69,9.22,365105.0,373848.0,-3637419.0,-4.17,1042941.0,1.2,-4680360.0,-5.37,540104.0,0.62,3097315.0,3.55,2381.0,1.182,1.183,1383536960.0,1636724224,1636724224,2025-12-16,2025-12-16 15:34:30+08:00
516130,消费龙头ETF,0.779,0.7785,-0.06,-0.002,-0.26,132505.0,10327427.0,0.785,0.785,0.777,0.781,1.02,6.03,1.25,72.41,56253.0,76252.0,-1758918.0,-17.03,-1451607.0,-14.06,-307311.0,-2.98,1252557.0,12.13,506360.0,4.9,-881.0,0.778,0.78,219890000.0,171294310,171294310,2025-12-16,2025-12-16 15:52:55+08:00
159689,消费ETF南方,0.757,0.7575,0.07,-0.002,-0.26,25352.0,1917779.3,0.761,0.761,0.754,0.759,0.92,3.09,0.7,1.58,8612.0,16740.0,3981.0,0.21,-694008.0,-36.19,697989.0,36.4,-111291.0,-5.8,107309.0,5.6,4.0,0.756,0.757,82147787.0,62185875,62185875,2025-12-16,2025-12-16 15:35:00+08:00
563060,央企50ETF,1.052,1.0511,-0.09,-0.003,-0.28,3879.0,406769.0,1.061,1.063,1.044,1.055,1.8,0.19,2.68,19.36,2916.0,963.0,-248358.0,-61.06,0.0,0.0,-248358.0,-61.06,178484.0,43.88,69874.0,17.18,70.0,1.047,1.052,205527000.0,216214404,216214404,2025-12-16,2025-12-16 15:52:52+08:00
159662,交运ETF,1.023,1.0227,-0.03,-0.003,-0.29,61504.0,6281287.618,1.025,1.028,1.018,1.026,0.97,6.21,1.12,-46.69,31553.0,29951.0,-120427.0,-1.92,0.0,0.0,-120427.0,-1.92,69981.0,1.11,50445.0,0.8,10.0,1.019,1.024,99113946.0,101393567,101393567,2025-12-16,2025-12-16 15:34:48+08:00
159736,食品饮料ETF天弘,0.692,0.6924,0.06,-0.002,-0.29,248760.0,17226200.432,0.692,0.696,0.69,0.694,0.86,0.31,0.52,33.74,114671.0,134089.0,-623643.0,-3.62,264626.0,1.54,-888269.0,-5.16,215139.0,1.25,408504.0,2.37,-1639.0,0.692,0.693,7908394496.0,5472608991,5472608991,2025-12-16,2025-12-16 15:34:36+08:00
159865,养殖ETF,0.637,0.6379,0.14,-0.002,-0.31,1042628.0,66405137.08,0.64,0.645,0.632,0.639,2.03,0.96,0.62,-20.68,449898.0,592730.0,-1312441.0,-1.98,-2809085.0,-4.23,1496644.0,2.25,631021.0,0.95,681419.0,1.03,-6363.0,0.637,0.638,10847455744.0,6909829309,6909829309,2025-12-16,2025-12-16 15:34:42+08:00
563980,800红利低波ETF,0.962,0.9598,-0.23,-0.003,-0.31,49532.0,4754581.0,0.963,0.965,0.958,0.965,0.73,1.32,1.63,-36.37,8595.0,40937.0,632461.0,13.3,2457776.0,51.69,-1825315.0,-38.39,-254048.0,-5.34,-378414.0,-7.96,5.0,0.959,0.962,373967008.0,359756262,359756262,2025-12-16,2025-12-16 15:52:54+08:00
510630,消费30ETF,0.915,0.9141,-0.1,-0.003,-0.33,267009.0,24435096.0,0.918,0.921,0.911,0.918,1.09,4.94,1.01,26.1,132105.0,134904.0,-162695.0,-0.67,575554.0,2.36,-738249.0,-3.02,-337198.0,-1.38,499893.0,2.05,12.0,0.914,0.915,540361504.0,494430776,494430776,2025-12-16,2025-12-16 15:52:38+08:00
516560,养老ETF,0.856,0.856,0.0,-0.003,-0.35,22884.0,1963339.0,0.859,0.864,0.854,0.859,1.16,1.51,1.05,49.39,12133.0,10751.0,-474399.0,-24.16,-1198.0,-0.06,-473201.0,-24.1,267374.0,13.62,207025.0,10.54,30.0,0.855,0.856,151258000.0,129476848,129476848,2025-12-16,2025-12-16 15:52:55+08:00
515450,红利低波50ETF,1.39,1.3898,-0.01,-0.005,-0.36,1620599.0,225583198.0,1.394,1.397,1.387,1.395,0.72,1.57,1.38,11.76,908525.0,712074.0,-21188143.0,-9.39,8381649.0,3.72,-29569792.0,-13.11,8564351.0,3.8,12623794.0,5.6,-4.0,1.39,1.391,10301835008.0,14319550661,14319550661,2025-12-16,2025-12-16 15:52:58+08:00
562900,农业ETF易方达,0.798,0.7994,0.18,-0.003,-0.37,96599.0,7696830.0,0.8,0.807,0.792,0.801,1.87,9.99,1.2,27.65,49476.0,47123.0,-252875.0,-3.29,0.0,0.0,-252875.0,-3.29,224572.0,2.92,28303.0,0.37,1.0,0.798,0.799,96706300.0,77171627,77171627,2025-12-16,2025-12-16 15:52:54+08:00
159825,农业ETF,0.817,0.8169,-0.01,-0.003,-0.37,1667034.0,135799519.522,0.821,0.824,0.811,0.82,1.59,5.73,2.43,65.12,1203533.0,463501.0,3055357.0,2.25,-4573566.0,-3.37,7628923.0,5.62,-1378668.0,-1.02,-1676690.0,-1.23,769.0,0.816,0.817,2907077408.0,2375082242,2375082242,2025-12-16,2025-12-16 15:34:48+08:00
563380,航空航天ETF,1.035,1.0289,-0.59,-0.004,-0.38,287467.0,29293937.0,1.04,1.04,1.007,1.039,3.18,27.92,2.27,20.7,122204.0,165263.0,-5832026.0,-19.91,-5208458.0,-17.78,-623568.0,-2.13,2780850.0,9.49,3051175.0,10.42,97.0,1.03,1.035,102950000.0,106553250,106553250,2025-12-16,2025-12-16 15:52:54+08:00
515300,300红利低波ETF,1.292,1.2911,-0.07,-0.005,-0.39,939590.0,121337901.0,1.297,1.299,1.287,1.297,0.93,2.62,1.19,60.13,487712.0,451878.0,-10614213.0,-8.75,-5527046.0,-4.56,-5087167.0,-4.19,3285529.0,2.71,7328684.0,6.04,30.0,1.291,1.292,3584175200.0,4630754358,4630754358,2025-12-16,2025-12-16 15:52:59+08:00
159296,A500红利低波ETF,0.994,0.9936,-0.04,-0.004,-0.4,100889.0,10012865.1,1.0,1.0,0.99,0.998,1.0,8.77,0.82,22.61,51383.0,49506.0,-156946.0,-1.57,0.0,0.0,-156946.0,-1.57,77856.0,0.78,79090.0,0.79,2.0,0.99,0.994,115042941.0,114352683,114352683,2025-12-16,2025-12-16 15:34:09+08:00
159931,金融ETF,1.97,1.9713,0.07,-0.008,-0.4,4076.0,805759.1,1.984,1.99,1.966,1.978,1.21,1.71,0.83,40.29,2807.0,1269.0,-314113.0,-38.98,0.0,0.0,-314113.0,-38.98,146732.0,18.21,167382.0,20.77,2.0,1.966,1.97,23828511.0,46942167,46942167,2025-12-16,2025-12-16 15:34:09+08:00
562580,可选消费ETF,1.225,1.2256,0.05,-0.005,-0.41,13499.0,1655381.0,1.231,1.232,1.224,1.23,0.65,4.96,1.36,5.32,2217.0,11282.0,328118.0,19.82,0.0,0.0,328118.0,19.82,-271157.0,-16.38,-56961.0,-3.44,-5.0,1.225,1.227,27223300.0,33348543,33348543,2025-12-16,2025-12-16 15:52:52+08:00
589020,科创半导体ETF鹏华,1.182,1.1781,-0.33,-0.005,-0.42,291022.0,34326160.0,1.181,1.2,1.161,1.187,3.29,10.03,1.04,7.17,157512.0,133510.0,-3285208.0,-9.57,-2442571.0,-7.12,-842637.0,-2.45,1880016.0,5.48,1405192.0,4.09,9.0,1.179,1.182,290219008.0,343038867,343038867,2025-12-16,2025-12-16 15:52:34+08:00
512730,银行ETF指数,1.661,1.6599,-0.07,-0.007,-0.42,37089.0,6157617.0,1.67,1.673,1.654,1.668,1.14,5.01,0.79,-6.87,14056.0,23033.0,-837676.0,-13.6,-336016.0,-5.46,-501660.0,-8.15,-301133.0,-4.89,1138810.0,18.49,50.0,1.659,1.661,74083900.0,123053358,123053358,2025-12-16,2025-12-16 15:52:59+08:00
159638,高端装备ETF,0.92,0.9207,0.08,-0.004,-0.43,662712.0,60333412.877,0.924,0.928,0.899,0.924,3.14,3.46,1.07,-44.81,281869.0,380843.0,269049.0,0.45,6293071.0,10.43,-6024022.0,-9.98,-304499.0,-0.5,35450.0,0.06,971.0,0.919,0.92,1913341936.0,1760274581,1760274581,2025-12-16,2025-12-16 15:34:45+08:00
159578,深证主板50ETF南方,1.157,1.1573,0.03,-0.005,-0.43,4690.0,541939.2,1.163,1.163,1.153,1.162,0.86,1.38,0.67,1.65,3368.0,1322.0,-1493.0,-0.28,0.0,0.0,-1493.0,-0.28,3149.0,0.58,-1656.0,-0.31,-36.0,1.152,1.162,33998831.0,39336647,39336647,2025-12-16,2025-12-16 15:34:09+08:00
563900,沪深300自由现金流ETF摩根,1.144,1.1435,-0.04,-0.005,-0.44,92989.0,10619763.0,1.15,1.15,1.137,1.149,1.13,2.3,0.77,0.48,46202.0,46787.0,-1246598.0,-11.74,-437845.0,-4.12,-808753.0,-7.62,352274.0,3.32,894324.0,8.42,29.0,1.143,1.145,404965696.0,463280756,463280756,2025-12-16,2025-12-16 15:52:52+08:00
159391,大盘价值ETF,1.125,1.1263,0.12,-0.005,-0.44,11335.0,1276407.1,1.131,1.131,1.123,1.13,0.71,0.48,1.02,-24.14,3606.0,7729.0,-117445.0,-9.2,0.0,0.0,-117445.0,-9.2,-81189.0,-6.36,198634.0,15.56,6.0,1.121,1.135,235076398.0,264460948,264460948,2025-12-16,2025-12-16 15:34:06+08:00
159827,农业50ETF,0.88,0.8812,0.14,-0.004,-0.45,1865.0,163526.8,0.884,0.884,0.875,0.884,1.02,0.2,0.56,38.91,466.0,1399.0,108197.0,66.16,1930.0,1.18,106267.0,64.98,-105182.0,-64.32,-3015.0,-1.84,-2.0,0.879,0.881,93716463.0,82470487,82470487,2025-12-16,2025-12-16 15:34:51+08:00
159891,医疗ETF基金,0.429,0.4284,-0.14,-0.002,-0.46,157710.0,6756049.8,0.431,0.432,0.427,0.431,1.16,5.82,1.53,4.45,72035.0,85675.0,79356.0,1.17,-1317897.0,-19.51,1397253.0,20.68,-140970.0,-2.09,61615.0,0.91,1.0,0.428,0.429,271024832.0,116269653,116269653,2025-12-16,2025-12-16 15:34:30+08:00
512750,基本面50ETF,1.482,1.4823,0.02,-0.007,-0.47,24974.0,3703854.0,1.49,1.491,1.478,1.489,0.87,4.57,1.2,-24.09,13577.0,11397.0,-166054.0,-4.48,0.0,0.0,-166054.0,-4.48,216134.0,5.84,-50080.0,-1.35,1.0,1.481,1.483,54654900.0,80998562,80998562,2025-12-16,2025-12-16 15:52:58+08:00
515230,软件ETF,0.851,0.8496,-0.16,-0.004,-0.47,1306817.0,111322098.0,0.855,0.857,0.847,0.855,1.17,4.64,1.37,55.63,627333.0,679484.0,-33648856.0,-30.23,-23511110.0,-21.12,-10137746.0,-9.11,23485243.0,21.1,10163613.0,9.13,-200.0,0.851,0.852,2816690896.0,2397003952,2397003952,2025-12-16,2025-12-16 15:52:58+08:00
515730,家居家电ETF,1.008,1.0094,0.14,-0.005,-0.49,63215.0,6388123.0,1.01,1.015,1.006,1.013,0.89,5.65,0.7,22.61,32754.0,30461.0,838669.0,13.13,0.0,0.0,838669.0,13.13,-831971.0,-13.02,-6698.0,-0.1,-833.0,1.008,1.01,111892000.0,112787136,112787136,2025-12-16,2025-12-16 15:52:56+08:00
510060,央企ETF,2.619,2.6172,-0.07,-0.013,-0.49,1753.0,458908.0,2.646,2.646,2.609,2.632,1.41,0.41,0.48,25.45,1022.0,731.0,-220264.0,-48.0,-115367.0,-25.14,-104897.0,-22.86,0.0,0.0,220264.0,48.0,38.0,2.614,2.621,42959200.0,112510145,112510145,2025-12-16,2025-12-16 15:52:46+08:00
159707,地产ETF,0.612,0.6124,0.07,-0.003,-0.49,675121.0,41413061.3,0.616,0.622,0.607,0.615,2.44,11.61,0.81,29.94,296653.0,378468.0,-90067.0,-0.22,190093.0,0.46,-280160.0,-0.68,698576.0,1.69,-608509.0,-1.47,573.0,0.611,0.612,581548208.0,355907503,355907503,2025-12-16,2025-12-16 15:34:24+08:00
512570,证券ETF易方达,1.201,1.1968,-0.35,-0.006,-0.5,561626.0,67613270.0,1.205,1.211,1.198,1.207,1.08,3.01,0.89,-5.36,276789.0,284837.0,-1632098.0,-2.41,-6055170.0,-8.96,4423072.0,6.54,1015312.0,1.5,616787.0,0.91,1.0,1.2,1.201,1863806096.0,2238431121,2238431121,2025-12-16,2025-12-16 15:52:59+08:00
510230,金融ETF,1.393,1.3901,-0.21,-0.007,-0.5,318008.0,44302863.0,1.398,1.406,1.385,1.4,1.5,0.95,0.96,-5.17,110080.0,207928.0,-6516710.0,-14.71,-2271555.0,-5.13,-4245155.0,-9.58,3035836.0,6.85,3480875.0,7.86,58.0,1.39,1.393,3348808000.0,4664889544,4664889544,2025-12-16,2025-12-16 15:52:32+08:00
512620,农业ETF天弘,0.987,0.9895,0.25,-0.005,-0.5,29302.0,2894029.0,0.993,0.997,0.984,0.992,1.31,0.88,0.34,-24.24,7902.0,21400.0,-233767.0,-8.08,126148.0,4.36,-359915.0,-12.44,216607.0,7.48,17162.0,0.59,-2000.0,0.987,0.989,334666000.0,330315342,330315342,2025-12-16,2025-12-16 15:52:59+08:00
562080,300现金流ETF,0.594,0.5929,-0.19,-0.003,-0.5,890227.0,52760137.0,0.597,0.597,0.59,0.597,1.17,6.68,0.91,4.1,430104.0,460123.0,883846.0,1.68,3219161.0,6.1,-2335315.0,-4.43,-2024164.0,-3.84,1140319.0,2.16,1.0,0.593,0.594,1332757200.0,791657777,791657777,2025-12-16,2025-12-16 15:52:54+08:00
159275,农牧渔ETF,0.983,0.9826,-0.04,-0.005,-0.51,80883.0,7947001.1,0.988,0.993,0.977,0.988,1.62,4.46,0.91,-66.84,38757.0,42126.0,-614388.0,-7.73,891129.0,11.21,-1505517.0,-18.94,324460.0,4.08,289928.0,3.65,-303.0,0.983,0.985,181302909.0,178220760,178220760,2025-12-16,2025-12-16 15:34:57+08:00
512890,红利低波ETF,1.169,1.1691,0.01,-0.006,-0.51,5148522.0,603348830.0,1.176,1.179,1.167,1.175,1.02,2.38,0.93,27.59,2679527.0,2468995.0,-72693645.0,-12.05,-57227507.0,-9.48,-15466138.0,-2.56,33861238.0,5.61,38832413.0,6.44,44.0,1.168,1.169,21599110912.0,25249360656,25249360656,2025-12-16,2025-12-16 15:52:58+08:00
517090,央企共赢ETF,1.549,1.5476,-0.09,-0.008,-0.51,63037.0,9739479.0,1.55,1.553,1.536,1.557,1.09,6.49,0.85,16.98,34177.0,28860.0,-108648.0,-1.12,479880.0,4.93,-588528.0,-6.04,-6286.0,-0.06,114934.0,1.18,193.0,1.546,1.55,97075000.0,150369175,150369175,2025-12-16,2025-12-16 15:52:54+08:00
159253,中证银行ETF,0.964,0.9661,0.22,-0.005,-0.52,29457.0,2839215.069,0.96,0.974,0.955,0.969,1.96,1.69,0.45,-86.79,12771.0,16686.0,-130554.0,-4.6,-361494.0,-12.73,230940.0,8.13,104196.0,3.67,26358.0,0.93,2100.0,0.963,0.964,174504979.0,168222800,168222800,2025-12-16,2025-12-16 15:34:39+08:00
512000,券商ETF,0.571,0.5706,-0.07,-0.003,-0.52,14113539.0,807636432.0,0.573,0.577,0.57,0.574,1.22,2.04,0.79,5.06,6170790.0,7942749.0,-67230463.0,-8.32,-71905376.0,-8.9,4674913.0,0.58,51407608.0,6.37,15822847.0,1.96,680.0,0.57,0.571,69286834176.0,39562782314,39562782314,2025-12-16,2025-12-16 15:52:58+08:00
560520,红利低波100ETF基金,1.12,1.1207,0.06,-0.006,-0.53,1324.0,148314.0,1.128,1.128,1.118,1.126,0.89,3.53,1.86,3.43,1150.0,174.0,-103703.0,-69.92,0.0,0.0,-103703.0,-69.92,37430.0,25.24,66273.0,44.68,59.0,1.118,1.119,3751000.0,4201120,4201120,2025-12-16,2025-12-16 15:52:55+08:00
159887,银行ETF,1.318,1.3188,0.06,-0.007,-0.53,1247896.0,164691127.966,1.325,1.329,1.313,1.325,1.21,11.99,1.05,-46.52,745118.0,502778.0,-16023145.0,-9.73,-14103223.0,-8.56,-1919922.0,-1.17,5927912.0,3.6,10095233.0,6.13,2818.0,1.317,1.318,1040415952.0,1371268225,1371268225,2025-12-16,2025-12-16 15:34:54+08:00
561010,软件ETF基金,1.098,1.0967,-0.12,-0.006,-0.54,56169.0,6161058.0,1.109,1.11,1.09,1.104,1.81,4.31,1.32,34.23,23797.0,32372.0,-851848.0,-13.83,0.0,0.0,-851848.0,-13.83,867708.0,14.08,-15859.0,-0.26,10.0,1.097,1.099,130356000.0,143130888,143130888,2025-12-16,2025-12-16 15:52:55+08:00
510200,上证券商ETF,1.286,1.2838,-0.17,-0.007,-0.54,34145.0,4393851.0,1.286,1.297,1.282,1.293,1.16,2.08,0.64,12.6,11392.0,22753.0,245193.0,5.58,0.0,0.0,245193.0,5.58,-440383.0,-10.02,195189.0,4.44,3028.0,1.283,1.288,164385500.0,211399753,211399753,2025-12-16,2025-12-16 15:52:49+08:00
515560,证券ETF建信,1.097,1.0927,-0.39,-0.006,-0.54,108944.0,11952798.0,1.1,1.104,1.092,1.103,1.09,5.59,1.1,-18.17,59343.0,49601.0,10889.0,0.09,0.0,0.0,10889.0,0.09,-74524.0,-0.62,63636.0,0.53,1.0,1.092,1.097,194883300.0,213786980,213786980,2025-12-16,2025-12-16 15:52:56+08:00
159329,沙特ETF,0.919,0.9004,-2.07,-0.005,-0.54,727218.0,66742563.432,0.922,0.923,0.915,0.924,0.87,4.96,0.59,36.47,343267.0,383951.0,-6856608.0,-10.27,-7662238.0,-11.48,805630.0,1.21,2508664.0,3.76,4347945.0,6.51,4950.0,0.918,0.919,1466689184.0,1347887360,1347887360,2025-12-16,2025-12-16 15:34:45+08:00
520830,沙特ETF,0.906,0.8898,-1.82,-0.005,-0.55,706700.0,63929924.0,0.908,0.91,0.902,0.911,0.88,4.86,0.84,1.91,322784.0,383916.0,-11058447.0,-17.3,-15384091.0,-24.06,4325644.0,6.77,6689932.0,10.46,4368515.0,6.83,200.0,0.905,0.906,1455119008.0,1318337821,1318337821,2025-12-16,2025-12-16 15:52:54+08:00
563010,电信ETF,1.81,1.8079,-0.12,-0.01,-0.55,70007.0,12607596.0,1.814,1.82,1.78,1.82,2.2,8.73,1.45,46.9,33419.0,36588.0,342952.0,2.72,-887358.0,-7.04,1230310.0,9.76,211583.0,1.68,-554536.0,-4.4,1200.0,1.81,1.812,80189300.0,145142633,145142633,2025-12-16,2025-12-16 15:52:53+08:00
510030,价值ETF,1.087,1.0865,-0.05,-0.006,-0.55,51142.0,5562189.0,1.093,1.095,1.083,1.093,1.1,3.09,0.83,0.13,26781.0,24361.0,4459.0,0.08,0.0,0.0,4459.0,0.08,-501917.0,-9.02,497458.0,8.94,200.0,1.086,1.088,165729800.0,180148293,180148293,2025-12-16,2025-12-16 15:52:41+08:00
159940,金融地产ETF,1.271,1.2715,0.04,-0.007,-0.55,57456.0,7310261.2,1.278,1.282,1.267,1.278,1.17,1.09,1.11,-0.04,30346.0,27110.0,-90505.0,-1.24,0.0,0.0,-90505.0,-1.24,82507.0,1.13,7997.0,0.11,-1.0,1.269,1.276,528059984.0,671164240,671164240,2025-12-16,2025-12-16 15:34:18+08:00
515290,银行ETF天弘,1.453,1.4533,0.02,-0.008,-0.55,569160.0,82832752.0,1.462,1.465,1.448,1.461,1.16,1.46,1.34,-11.57,252868.0,316292.0,-230582.0,-0.28,5529147.0,6.68,-5759729.0,-6.95,-4930111.0,-5.95,5160693.0,6.23,5000.0,1.451,1.454,3893872896.0,5657797318,5657797318,2025-12-16,2025-12-16 15:52:58+08:00
159307,红利低波100ETF,1.063,1.0602,-0.26,-0.006,-0.56,3389718.0,360180760.6,1.069,1.069,1.06,1.069,0.84,18.15,5.75,74.29,1338691.0,2051027.0,-28057593.0,-7.79,-39195984.0,-10.88,11138391.0,3.09,15107440.0,4.19,12950144.0,3.6,4128.0,1.062,1.063,1867903552.0,1985581476,1985581476,2025-12-16,2025-12-16 15:34:15+08:00
515630,保险证券ETF,1.422,1.4204,-0.11,-0.008,-0.56,198107.0,28231520.0,1.431,1.439,1.417,1.43,1.54,5.62,1.0,-7.09,90388.0,107719.0,-34947.0,-0.12,586272.0,2.08,-621219.0,-2.2,-1320059.0,-4.68,1355007.0,4.8,50.0,1.421,1.422,352717696.0,501564564,501564564,2025-12-16,2025-12-16 15:52:55+08:00
560300,电信50ETF,1.928,1.93,0.1,-0.011,-0.57,4035.0,775383.0,1.935,1.943,1.902,1.939,2.11,1.4,0.36,-2.59,2797.0,1238.0,135757.0,17.51,-87569.0,-11.29,223326.0,28.8,-91423.0,-11.79,-44334.0,-5.72,1.0,1.927,1.932,28803400.0,55532955,55532955,2025-12-16,2025-12-16 15:52:53+08:00
159355,800红利低波ETF,1.033,1.0335,0.05,-0.006,-0.58,16542.0,1710281.0,1.038,1.038,1.031,1.039,0.67,0.96,0.81,-6.2,7069.0,9473.0,-74468.0,-4.35,0.0,0.0,-74468.0,-4.35,-76088.0,-4.45,150557.0,8.8,438.0,1.031,1.033,172234277.0,177918008,177918008,2025-12-16,2025-12-16 15:34:15+08:00
516210,银行ETF指数基金,1.379,1.3788,-0.01,-0.008,-0.58,77480.0,10702586.0,1.388,1.39,1.373,1.387,1.23,7.19,1.41,-6.53,35233.0,42247.0,-526304.0,-4.92,-1386000.0,-12.95,859696.0,8.03,-857027.0,-8.01,1383330.0,12.93,1.0,1.376,1.379,107831000.0,148698949,148698949,2025-12-16,2025-12-16 15:52:55+08:00
515100,红利低波100ETF,1.539,1.5387,-0.02,-0.009,-0.58,1058705.0,163126838.0,1.547,1.548,1.537,1.548,0.71,2.79,1.0,-4.79,623658.0,435047.0,-57140993.0,-35.03,-51669331.0,-31.67,-5471662.0,-3.35,38208170.0,23.42,18932823.0,11.61,700.0,1.538,1.539,3792441504.0,5836567475,5836567475,2025-12-16,2025-12-16 15:52:57+08:00
563600,A500增强ETF易方达,1.004,1.001,-0.3,-0.006,-0.59,16348.0,1639540.0,1.01,1.01,0.997,1.01,1.29,2.35,1.33,19.52,4176.0,12172.0,-75502.0,-4.61,668033.0,40.75,-743535.0,-45.35,-10600.0,-0.65,86101.0,5.25,200.0,1.0,1.003,69483000.0,69760932,69760932,2025-12-16,2025-12-16 15:52:53+08:00
563020,红利低波动ETF,1.185,1.1855,0.04,-0.007,-0.59,1397946.0,166130503.0,1.192,1.196,1.184,1.192,1.01,4.12,1.55,-7.99,648808.0,749138.0,-57975462.0,-34.9,-71137430.0,-42.82,13161968.0,7.92,35750895.0,21.52,22224567.0,13.38,4695.0,1.185,1.186,3391910000.0,4019413350,4019413350,2025-12-16,2025-12-16 15:52:52+08:00
512170,医疗ETF,0.338,0.3372,-0.24,-0.002,-0.59,12973985.0,439384699.0,0.339,0.342,0.337,0.34,1.47,1.75,1.07,18.65,6310677.0,6663308.0,-32274186.0,-7.35,-47412192.0,-10.79,15138006.0,3.45,20133170.0,4.58,12141023.0,2.76,356.0,0.337,0.338,73934819328.0,24989968933,24989968933,2025-12-16,2025-12-16 15:52:59+08:00
563690,红利低波ETF永赢,1.017,1.0178,0.08,-0.006,-0.59,67088.0,6846208.0,1.026,1.026,1.016,1.023,0.98,9.88,1.25,42.26,32018.0,35070.0,-973949.0,-14.23,-814128.0,-11.89,-159821.0,-2.33,174445.0,2.55,799505.0,11.68,-1229.0,1.016,1.024,67882000.0,69035994,69035994,2025-12-16,2025-12-16 15:52:52+08:00
512640,金融地产ETF嘉实,2.487,2.4886,0.06,-0.015,-0.6,22600.0,5633484.0,2.508,2.511,2.481,2.502,1.2,10.16,1.16,21.38,9482.0,13118.0,-221397.0,-3.93,0.0,0.0,-221397.0,-3.93,116766.0,2.07,104631.0,1.86,1000.0,2.482,2.496,22240900.0,55313118,55313118,2025-12-16,2025-12-16 15:52:58+08:00
561680,中证A500红利低波ETF,0.993,0.9931,0.01,-0.006,-0.6,23694.0,2352606.0,0.997,0.997,0.99,0.999,0.7,1.55,0.55,80.5,13751.0,9943.0,143689.0,6.11,-165902.0,-7.05,309591.0,13.16,-287354.0,-12.21,143664.0,6.11,1.0,0.992,0.993,153169000.0,152096817,152096817,2025-12-16,2025-12-16 15:52:55+08:00
563590,A500红利低波动ETF,0.977,0.9786,0.16,-0.006,-0.61,4342.0,423954.0,0.981,0.981,0.975,0.983,0.61,0.25,0.34,-95.76,767.0,3575.0,214075.0,50.49,335267.0,79.08,-121192.0,-28.59,-224196.0,-52.88,10122.0,2.39,62.0,0.975,0.979,170944400.0,167012679,167012679,2025-12-16,2025-12-16 15:52:53+08:00
512800,银行ETF,0.81,0.81,0.0,-0.005,-0.61,8270896.0,670474360.0,0.814,0.817,0.807,0.815,1.23,4.85,0.68,38.2,3419525.0,4851371.0,-23507287.0,-3.51,12813776.0,1.91,-36321063.0,-5.42,14290779.0,2.13,9216509.0,1.37,-72.0,0.81,0.811,17049280000.0,13809916800,13809916800,2025-12-16,2025-12-16 15:52:58+08:00
159399,现金流ETF,1.135,1.1321,-0.26,-0.007,-0.61,1521977.0,172468306.9,1.143,1.143,1.13,1.142,1.14,3.85,0.75,37.04,658725.0,863252.0,-23343689.0,-13.54,-17887996.0,-10.37,-5455693.0,-3.16,10457707.0,6.06,12885982.0,7.47,9781.0,1.134,1.135,3954194832.0,4488011134,4488011134,2025-12-16,2025-12-16 15:34:27+08:00
560150,红利低波ETF泰康,1.136,1.136,0.0,-0.007,-0.61,152635.0,17382440.0,1.148,1.148,1.135,1.143,1.14,2.06,1.45,26.55,77658.0,74977.0,-2060648.0,-11.85,-2069435.0,-11.91,8787.0,0.05,-132999.0,-0.77,2193647.0,12.62,3000.0,1.136,1.138,742279296.0,843229280,843229280,2025-12-16,2025-12-16 15:52:55+08:00
560090,证券ETF龙头,1.285,1.2806,-0.34,-0.008,-0.62,842989.0,108594815.0,1.29,1.296,1.282,1.293,1.08,3.08,0.79,9.48,401331.0,441658.0,-536759.0,-0.49,-11888522.0,-10.95,11351763.0,10.45,-5423192.0,-4.99,5959951.0,5.49,-106.0,1.285,1.286,2733865008.0,3513016535,3513016535,2025-12-16,2025-12-16 15:52:52+08:00
516610,医疗服务ETF,0.477,0.4764,-0.13,-0.003,-0.63,66235.0,3160111.0,0.483,0.483,0.475,0.48,1.67,3.85,2.22,29.29,19821.0,46414.0,-14454.0,-0.46,45258.0,1.43,-59712.0,-1.89,-89476.0,-2.83,103929.0,3.29,70.0,0.476,0.477,171974800.0,82031980,82031980,2025-12-16,2025-12-16 15:52:57+08:00
159260,证券指数ETF,0.94,0.9402,0.02,-0.006,-0.63,147636.0,13921200.232,0.943,0.949,0.938,0.946,1.16,1.67,1.25,43.63,68537.0,79099.0,99740.0,0.72,325754.0,2.34,-226014.0,-1.62,634891.0,4.56,-734632.0,-5.28,10.0,0.938,0.94,884713584.0,831630769,831630769,2025-12-16,2025-12-16 15:34:42+08:00
512820,银行ETF龙头,1.42,1.421,0.07,-0.009,-0.63,831523.0,118235672.0,1.43,1.433,1.416,1.429,1.19,13.26,1.33,28.45,377949.0,453574.0,-10589776.0,-8.96,-714311.0,-0.6,-9875465.0,-8.35,5795086.0,4.9,4794691.0,4.06,10.0,1.419,1.42,627101904.0,890484704,890484704,2025-12-16,2025-12-16 15:52:59+08:00
159510,沪深300价值ETF,1.254,1.2543,0.02,-0.008,-0.63,11915.0,1496225.9,1.262,1.262,1.251,1.262,0.87,1.68,0.83,3.3,4162.0,7753.0,-277612.0,-18.55,0.0,0.0,-277612.0,-18.55,-27255.0,-1.82,304867.0,20.38,30.0,1.253,1.254,71128342.0,89194941,89194941,2025-12-16,2025-12-16 15:34:15+08:00
513030,德国ETF,1.853,1.8535,0.03,-0.012,-0.64,293530.0,54435767.0,1.858,1.86,1.851,1.865,0.48,3.1,0.82,-77.03,128621.0,164909.0,-4953276.0,-9.1,-5304170.0,-9.74,350894.0,0.64,-2722203.0,-5.0,7675479.0,14.1,5.0,1.852,1.853,948279008.0,1757161002,1757161002,2025-12-16,2025-12-16 15:52:59+08:00
512950,央企改革ETF,1.407,1.4085,0.11,-0.009,-0.64,122632.0,17248179.0,1.416,1.417,1.4,1.416,1.2,0.29,2.54,13.21,61041.0,61591.0,4923104.0,28.54,5197974.0,30.14,-274870.0,-1.59,-2765523.0,-16.03,-2157581.0,-12.51,-59.0,1.407,1.409,4262551008.0,5997409268,5997409268,2025-12-16,2025-12-16 15:53:00+08:00
159841,证券ETF,1.082,1.0819,-0.01,-0.007,-0.64,2025622.0,219853147.6,1.087,1.093,1.081,1.089,1.1,2.15,0.84,13.89,898270.0,1127352.0,-29993253.0,-13.64,-22621695.0,-10.29,-7371558.0,-3.35,17745963.0,8.07,12247291.0,5.57,-11316.0,1.082,1.083,9439038464.0,10213039618,10213039618,2025-12-16,2025-12-16 15:35:03+08:00
563620,自由现金流全指ETF,1.091,1.0907,-0.03,-0.007,-0.64,86118.0,9398974.0,1.098,1.098,1.088,1.098,0.91,11.03,1.05,38.58,40565.0,45553.0,-268328.0,-2.85,0.0,0.0,-268328.0,-2.85,242699.0,2.58,25628.0,0.27,50.0,1.089,1.092,78049000.0,85151459,85151459,2025-12-16,2025-12-16 15:52:52+08:00
560330,沪深300价值ETF申万菱信,1.245,1.2458,0.06,-0.008,-0.64,12357.0,1538159.0,1.251,1.251,1.242,1.253,0.72,5.12,1.35,4.97,8674.0,3683.0,-312900.0,-20.34,0.0,0.0,-312900.0,-20.34,196654.0,12.79,116246.0,7.56,503.0,1.243,1.245,24130000.0,30041850,30041850,2025-12-16,2025-12-16 15:52:53+08:00
515010,券商ETF基金,1.372,1.3667,-0.39,-0.009,-0.65,253751.0,34900143.0,1.38,1.384,1.37,1.381,1.01,1.87,0.87,11.02,144055.0,109696.0,-490622.0,-1.41,727081.0,2.08,-1217703.0,-3.49,-1067443.0,-3.06,1558066.0,4.46,-140.0,1.371,1.374,1356771600.0,1861490635,1861490635,2025-12-16,2025-12-16 15:52:57+08:00
560890,红利低波ETF新华,1.2,1.2003,0.02,-0.008,-0.66,5345.0,643287.0,1.206,1.208,1.199,1.208,0.75,3.15,1.79,26.19,526.0,4819.0,-60328.0,-9.38,0.0,0.0,-60328.0,-9.38,-187668.0,-29.17,247996.0,38.55,1.0,1.199,1.2,16981200.0,20377440,20377440,2025-12-16,2025-12-16 15:52:53+08:00
512960,央企结构调整ETF,1.362,1.3619,-0.01,-0.009,-0.66,38899.0,5289951.0,1.379,1.379,1.356,1.371,1.68,0.1,1.01,18.79,28618.0,10281.0,-57049.0,-1.08,0.0,0.0,-57049.0,-1.08,78214.0,1.48,-21164.0,-0.4,293.0,1.36,1.362,4001257296.0,5449712437,5449712437,2025-12-16,2025-12-16 15:52:59+08:00
512070,证券保险ETF,0.905,0.9042,-0.09,-0.006,-0.66,7501287.0,680806000.0,0.909,0.918,0.901,0.911,1.87,4.12,1.19,9.56,3286497.0,4214790.0,-21375297.0,-3.14,-55942160.0,-8.22,34566863.0,5.08,17534432.0,2.58,3840857.0,0.56,-100.0,0.905,0.906,18195479808.0,16466909226,16466909226,2025-12-16,2025-12-16 15:52:59+08:00
159547,红利低波ETF基金,1.196,1.1953,-0.06,-0.008,-0.66,902098.0,108210917.1,1.203,1.207,1.195,1.204,1.0,12.62,1.11,-3.23,399731.0,502367.0,-10545828.0,-9.75,-2702290.0,-2.5,-7843538.0,-7.25,6051359.0,5.59,4494469.0,4.15,-42.0,1.196,1.197,714786080.0,854884152,854884152,2025-12-16,2025-12-16 15:34:57+08:00
159229,自由现金流ETF广发,1.19,1.1903,0.03,-0.008,-0.67,146607.0,17442991.5,1.197,1.197,1.186,1.198,0.92,26.63,1.67,17.64,71401.0,75206.0,248847.0,1.43,0.0,0.0,248847.0,1.43,-190972.0,-1.09,-57875.0,-0.33,10.0,1.189,1.194,55056022.0,65516666,65516666,2025-12-16,2025-12-16 15:34:18+08:00
512900,证券ETF南方,1.182,1.1807,-0.11,-0.008,-0.67,355411.0,42071922.0,1.186,1.192,1.179,1.19,1.09,0.56,0.91,2.48,178117.0,177294.0,-870222.0,-2.07,-797678.0,-1.9,-72544.0,-0.17,-479190.0,-1.14,1349412.0,3.21,-2030.0,1.181,1.182,6390405888.0,7553459760,7553459760,2025-12-16,2025-12-16 15:53:00+08:00
159976,湾创ETF,1.325,1.3236,-0.11,-0.009,-0.67,791.0,104689.32,1.33,1.333,1.32,1.334,0.97,0.09,1.52,42.4,523.0,268.0,-33715.0,-32.2,0.0,0.0,-33715.0,-32.2,51336.0,49.04,-17622.0,-16.83,40.0,1.325,1.33,85885872.0,113798780,113798780,2025-12-16,2025-12-16 15:34:12+08:00
563830,全指现金流ETF基金,1.194,1.1907,-0.28,-0.008,-0.67,41483.0,4951071.0,1.199,1.199,1.187,1.202,1.0,3.32,1.64,-52.94,32421.0,9062.0,82383.0,1.66,0.0,0.0,82383.0,1.66,-89656.0,-1.81,7274.0,0.15,20.0,1.19,1.198,124896000.0,149125824,149125824,2025-12-16,2025-12-16 15:52:52+08:00
515850,证券ETF富国,1.473,1.4729,-0.01,-0.01,-0.67,114876.0,16967499.0,1.481,1.487,1.47,1.483,1.15,4.06,0.47,-40.87,56041.0,58835.0,-187335.0,-1.1,20850.0,0.12,-208185.0,-1.23,-32157.0,-0.19,219493.0,1.29,6.0,1.472,1.473,283291008.0,417287655,417287655,2025-12-16,2025-12-16 15:52:57+08:00
159916,深F60ETF,5.097,5.0797,-0.34,-0.035,-0.68,45.0,22889.4,5.095,5.097,5.071,5.132,0.51,0.01,0.54,20.71,35.0,10.0,0.0,0.0,0.0,0.0,0.0,0.0,9151.0,39.98,-9152.0,-39.98,1.0,5.077,5.117,52066039.0,265380601,265380601,2025-12-16,2025-12-16 15:34:42+08:00
563890,国企红利ETF创金合信,1.007,1.0074,0.04,-0.007,-0.69,18902.0,1904602.0,1.016,1.016,1.006,1.014,0.99,2.77,1.07,-62.84,8535.0,10367.0,-88673.0,-4.66,-560584.0,-29.43,471911.0,24.78,28724.0,1.51,59950.0,3.15,100.0,1.006,1.008,68336000.0,68814352,68814352,2025-12-16,2025-12-16 15:52:52+08:00
562870,证券ETF嘉实,1.003,1.0032,0.02,-0.007,-0.69,59551.0,5995706.0,1.011,1.013,1.002,1.01,1.09,1.31,0.48,37.35,35493.0,24058.0,132599.0,2.21,1787728.0,29.82,-1655129.0,-27.61,-409965.0,-6.84,277366.0,4.63,200.0,1.002,1.003,453505200.0,454865716,454865716,2025-12-16,2025-12-16 15:52:52+08:00
159993,证券ETF龙头,1.287,1.2859,-0.09,-0.009,-0.69,571651.0,73723181.65,1.294,1.3,1.285,1.296,1.16,1.82,0.65,24.22,243215.0,328436.0,-3844405.0,-5.21,-1314840.0,-1.78,-2529565.0,-3.43,2820049.0,3.83,1024356.0,1.39,3814.0,1.286,1.287,3133697984.0,4033069305,4033069305,2025-12-16,2025-12-16 15:34:21+08:00
159873,医疗设备ETF,0.572,0.5718,-0.03,-0.004,-0.69,28353.0,1620319.6,0.575,0.577,0.57,0.576,1.22,1.51,0.72,7.94,10907.0,17446.0,-291230.0,-17.97,211689.0,13.06,-502919.0,-31.04,99391.0,6.13,191839.0,11.84,5.0,0.571,0.572,187920000.0,107490240,107490240,2025-12-16,2025-12-16 15:34:21+08:00
515020,银行ETF基金,1.717,1.7196,0.15,-0.012,-0.69,324556.0,55820080.0,1.729,1.732,1.712,1.729,1.16,5.74,0.98,9.56,154555.0,170001.0,4100948.0,7.35,399314.0,0.72,3701634.0,6.63,-1656632.0,-2.97,-2444316.0,-4.38,-1.0,1.717,1.718,565345296.0,970697873,970697873,2025-12-16,2025-12-16 15:52:57+08:00
159708,红利ETF,0.855,0.8533,-0.2,-0.006,-0.7,125661.0,10730822.8,0.86,0.861,0.852,0.861,1.05,5.4,1.2,62.36,67944.0,57717.0,-1183863.0,-11.03,-1367888.0,-12.75,184025.0,1.71,985801.0,9.19,198063.0,1.85,809.0,0.853,0.855,232528306.0,198811702,198811702,2025-12-16,2025-12-16 15:35:00+08:00
159899,软件龙头ETF,0.851,0.8522,0.14,-0.006,-0.7,231250.0,19745576.6,0.855,0.859,0.849,0.857,1.17,4.66,1.07,6.26,103442.0,127808.0,-660013.0,-3.34,-453391.0,-2.3,-206622.0,-1.05,497536.0,2.52,162477.0,0.82,-338.0,0.851,0.852,495977728.0,422077047,422077047,2025-12-16,2025-12-16 15:34:39+08:00
512530,沪深300红利ETF,1.564,1.5646,0.04,-0.011,-0.7,14647.0,2291438.0,1.58,1.58,1.56,1.575,1.27,1.09,1.17,-74.47,5622.0,9025.0,98978.0,4.32,0.0,0.0,98978.0,4.32,-232944.0,-10.17,133966.0,5.85,15.0,1.563,1.564,134502000.0,210361128,210361128,2025-12-16,2025-12-16 15:52:59+08:00
512240,A50ETF龙头,1.131,1.1274,-0.32,-0.008,-0.7,25614.0,2894670.0,1.138,1.138,1.123,1.139,1.32,18.06,0.81,-1.09,18393.0,7221.0,-694178.0,-23.98,0.0,0.0,-694178.0,-23.98,554854.0,19.17,139324.0,4.81,387.0,1.125,1.13,14186000.0,16044366,16044366,2025-12-16,2025-12-16 15:52:58+08:00
159842,券商ETF,1.134,1.1322,-0.16,-0.008,-0.7,3184556.0,361638409.0,1.14,1.144,1.131,1.142,1.14,4.21,0.79,75.54,1700895.0,1483661.0,-50509852.0,-13.97,-82658111.0,-22.86,32148259.0,8.89,35709715.0,9.87,14800135.0,4.09,-5943.0,1.134,1.135,7558250752.0,8571056353,8571056353,2025-12-16,2025-12-16 15:34:06+08:00
563180,高股息ETF,1.115,1.114,-0.09,-0.008,-0.71,130068.0,14485383.0,1.119,1.119,1.109,1.123,0.89,8.26,0.86,41.27,65160.0,64908.0,-732001.0,-5.05,1472398.0,10.16,-2204399.0,-15.22,-1008394.0,-6.96,1740396.0,12.01,154.0,1.113,1.115,157420000.0,175523300,175523300,2025-12-16,2025-12-16 15:52:52+08:00
159731,石化ETF,0.826,0.8251,-0.11,-0.006,-0.72,48664.0,4003344.5,0.832,0.832,0.816,0.832,1.92,2.02,0.84,76.04,26822.0,21842.0,92762.0,2.32,0.0,0.0,92762.0,2.32,-83768.0,-2.09,-8993.0,-0.22,1.0,0.824,0.826,241375802.0,199376412,199376412,2025-12-16,2025-12-16 15:34:12+08:00
510150,消费ETF,0.55,0.5494,-0.11,-0.004,-0.72,691674.0,38110017.0,0.555,0.556,0.549,0.554,1.26,2.14,0.85,42.23,316484.0,375190.0,-8057583.0,-21.14,-5590501.0,-14.67,-2467082.0,-6.47,5098724.0,13.38,2958858.0,7.76,133.0,0.549,0.55,3229178608.0,1776048234,1776048234,2025-12-16,2025-12-16 15:52:48+08:00
159206,卫星ETF,1.373,1.3734,0.03,-0.01,-0.72,4114321.0,558890756.703,1.371,1.387,1.335,1.383,3.76,20.4,1.22,58.53,2108889.0,2005432.0,-37157095.0,-6.65,-13191268.0,-2.36,-23965827.0,-4.29,14882400.0,2.66,22274694.0,3.99,34289.0,1.372,1.373,2016953360.0,2769276963,2769276963,2025-12-16,2025-12-16 15:34:27+08:00
159730,龙头家电ETF,1.086,1.0881,0.19,-0.008,-0.73,40690.0,4432517.2,1.086,1.097,1.086,1.094,1.01,12.89,2.66,-3.04,14837.0,25853.0,202819.0,4.58,206720.0,4.66,-3901.0,-0.09,-80947.0,-1.83,-121871.0,-2.75,-130.0,1.087,1.09,31571340.0,34286475,34286475,2025-12-16,2025-12-16 15:34:33+08:00
520520,恒生消费ETF华泰柏瑞,1.089,1.0889,-0.01,-0.008,-0.73,127171.0,13829993.0,1.097,1.099,1.081,1.097,1.64,17.05,0.8,12.25,64279.0,62892.0,-42214.0,-0.31,-547875.0,-3.96,505661.0,3.66,-37494.0,-0.27,79707.0,0.58,183.0,1.086,1.089,74606000.0,81245934,81245934,2025-12-16,2025-12-16 15:52:54+08:00
159208,航天航空ETF,1.23,1.2293,-0.06,-0.009,-0.73,228078.0,27763558.6,1.236,1.242,1.202,1.239,3.23,12.78,1.24,-44.47,115252.0,112826.0,-405815.0,-1.46,1067682.0,3.85,-1473497.0,-5.31,-842160.0,-3.03,1247975.0,4.5,-1500.0,1.23,1.231,178462783.0,219509223,219509223,2025-12-16,2025-12-16 15:34:09+08:00
563390,现金流ETF全指,1.232,1.2296,-0.2,-0.009,-0.73,218611.0,26901463.0,1.236,1.24,1.226,1.241,1.13,4.01,1.16,18.73,91405.0,127206.0,624664.0,2.32,-127195.0,-0.47,751859.0,2.79,-966139.0,-3.59,341476.0,1.27,25.0,1.229,1.232,545844000.0,672479808,672479808,2025-12-16,2025-12-16 15:52:53+08:00
561080,自由现金流ETF中证全指,1.222,1.2201,-0.16,-0.009,-0.73,74400.0,9080259.0,1.23,1.23,1.217,1.231,1.06,24.6,1.51,-12.07,40474.0,33926.0,-9343.0,-0.1,-712688.0,-7.85,703345.0,7.75,-28715.0,-0.32,38058.0,0.42,6.0,1.219,1.222,30250000.0,36965500,36965500,2025-12-16,2025-12-16 15:52:55+08:00
517180,中国国企ETF,1.474,1.4756,0.11,-0.011,-0.74,85294.0,12562607.0,1.485,1.485,1.465,1.485,1.35,5.67,0.82,3.85,40693.0,44601.0,-334031.0,-2.66,-51744.0,-0.41,-282287.0,-2.25,-43890.0,-0.35,377921.0,3.01,-21.0,1.474,1.475,150496300.0,221831546,221831546,2025-12-16,2025-12-16 15:52:55+08:00
159898,医疗器械指数ETF,0.535,0.5353,0.06,-0.004,-0.74,204636.0,10951062.3,0.538,0.54,0.533,0.539,1.3,2.46,1.96,-5.78,72966.0,131670.0,-1463270.0,-13.36,-775504.0,-7.08,-687766.0,-6.28,1394971.0,12.74,68299.0,0.62,93.0,0.534,0.535,833098832.0,445707875,445707875,2025-12-16,2025-12-16 15:34:36+08:00
159590,软件50ETF,1.079,1.0793,0.03,-0.008,-0.74,133506.0,14444676.0,1.089,1.089,1.076,1.087,1.2,4.68,0.99,47.2,56831.0,76675.0,-699133.0,-4.84,692494.0,4.79,-1391627.0,-9.63,-398052.0,-2.76,1097185.0,7.6,-445.0,1.079,1.08,285361744.0,307905322,307905322,2025-12-16,2025-12-16 15:34:18+08:00
513360,教育ETF,0.533,0.5336,0.11,-0.004,-0.74,580630.0,31076823.0,0.537,0.539,0.533,0.537,1.12,8.55,0.72,-55.76,208101.0,372529.0,-3400569.0,-10.94,-1733161.0,-5.58,-1667408.0,-5.37,2128072.0,6.85,1272498.0,4.09,-3.0,0.533,0.534,679213904.0,362021011,362021011,2025-12-16,2025-12-16 15:52:57+08:00
516730,证券公司ETF,1.078,1.0767,-0.12,-0.008,-0.74,70687.0,7625818.0,1.095,1.095,1.075,1.086,1.84,6.84,0.88,2.62,31180.0,39507.0,81619.0,1.07,116161.0,1.52,-34542.0,-0.45,-33860.0,-0.44,-47759.0,-0.63,4.0,1.076,1.078,103380800.0,111444502,111444502,2025-12-16,2025-12-16 15:52:56+08:00
159612,标普500ETF,1.881,1.7864,-5.3,-0.014,-0.74,208503.0,39327639.36,1.893,1.897,1.88,1.895,0.9,4.69,0.98,34.47,101132.0,107372.0,-222377.0,-0.57,452153.0,1.15,-674530.0,-1.72,-2618426.0,-6.66,2840803.0,7.22,-358.0,1.881,1.882,444898656.0,836854372,836854372,2025-12-16,2025-12-16 15:34:27+08:00
512700,银行ETF南方,1.584,1.5858,0.11,-0.012,-0.75,1215070.0,193007140.0,1.596,1.599,1.58,1.596,1.19,12.7,1.61,5.41,604695.0,610375.0,-2758598.0,-1.43,-3023734.0,-1.57,265136.0,0.14,185598.0,0.1,2573000.0,1.33,-515.0,1.584,1.585,957081008.0,1516016317,1516016317,2025-12-16,2025-12-16 15:52:59+08:00
512970,大湾区ETF,1.449,1.4504,0.1,-0.011,-0.75,1828.0,264803.0,1.456,1.456,1.443,1.46,0.89,0.32,0.5,-96.16,628.0,1200.0,80160.0,30.27,0.0,0.0,80160.0,30.27,-72550.0,-27.4,-7610.0,-2.87,-14.0,1.446,1.449,57987600.0,84024032,84024032,2025-12-16,2025-12-16 15:52:59+08:00
510160,产业升级ETF,0.923,0.9231,0.01,-0.007,-0.75,1491.0,137682.0,0.928,0.928,0.92,0.93,0.86,0.07,0.55,-73.67,299.0,1192.0,46599.0,33.85,0.0,0.0,46599.0,33.85,-8307.0,-6.03,-38293.0,-27.81,1.0,0.919,0.923,226057400.0,208650980,208650980,2025-12-16,2025-12-16 15:52:53+08:00
159589,红利ETF广发,1.053,1.0515,-0.14,-0.008,-0.75,34138.0,3594837.1,1.062,1.062,1.051,1.061,1.04,3.5,1.18,-34.51,16401.0,17737.0,-469232.0,-13.05,-486973.0,-13.55,17741.0,0.49,74230.0,2.06,395002.0,10.99,56.0,1.052,1.053,97590005.0,102762275,102762275,2025-12-16,2025-12-16 15:34:27+08:00
520620,港股通消费ETF,0.93,0.9301,0.01,-0.007,-0.75,158159.0,14656478.0,0.933,0.94,0.923,0.937,1.81,3.0,0.71,-1.54,71703.0,86456.0,182205.0,1.24,48932.0,0.33,133273.0,0.91,-192017.0,-1.31,9811.0,0.07,20.0,0.928,0.93,526409008.0,489560377,489560377,2025-12-16,2025-12-16 15:52:55+08:00
512880,证券ETF,1.193,1.1936,0.05,-0.009,-0.75,14416904.0,1725808872.0,1.2,1.206,1.192,1.202,1.16,3.06,0.94,33.54,6682944.0,7733959.0,-216606000.0,-12.55,-269634320.0,-15.62,53028320.0,3.07,142614142.0,8.26,73991872.0,4.29,-32580.0,1.193,1.194,47105291520.0,56196612783,56196612783,2025-12-16,2025-12-16 15:53:00+08:00
159335,央企科创ETF,1.308,1.3089,0.07,-0.01,-0.76,11535.0,1506915.084,1.312,1.317,1.298,1.318,1.44,0.54,0.35,-87.75,5248.0,6287.0,-403112.0,-26.75,0.0,0.0,-403112.0,-26.75,216813.0,14.39,186299.0,12.36,17.0,1.305,1.308,212683689.0,278190265,278190265,2025-12-16,2025-12-16 15:34:54+08:00
515380,沪深300ETF泰康,5.196,5.176,-0.39,-0.04,-0.76,43411.0,22496129.0,5.212,5.235,5.157,5.236,1.49,0.62,0.87,78.1,18704.0,24707.0,-1088248.0,-4.84,-667022.0,-2.97,-421226.0,-1.87,2133976.0,9.49,-1045728.0,-4.65,1.0,5.18,5.196,702999808.0,3652787002,3652787002,2025-12-16,2025-12-16 15:52:59+08:00
159228,红利低波ETF长城,1.04,1.0386,-0.13,-0.008,-0.76,103561.0,10780333.6,1.044,1.045,1.038,1.048,0.67,6.5,16.91,50.46,49166.0,54395.0,-105223.0,-0.98,-1214417.0,-11.27,1109194.0,10.29,-7557.0,-0.07,112781.0,1.05,5.0,1.038,1.044,159212692.0,165581200,165581200,2025-12-16,2025-12-16 15:34:33+08:00
560030,800价值ETF,1.303,1.3055,0.19,-0.01,-0.76,3928.0,512227.0,1.314,1.314,1.303,1.313,0.84,1.49,0.85,0.19,1500.0,2428.0,257044.0,50.18,0.0,0.0,257044.0,50.18,17422.0,3.4,-274466.0,-53.58,-226.0,1.304,1.307,26432000.0,34440896,34440896,2025-12-16,2025-12-16 15:52:56+08:00
515890,红利ETF博时,1.436,1.4342,-0.13,-0.011,-0.76,50780.0,7304148.0,1.449,1.45,1.433,1.447,1.17,1.58,1.17,39.39,21012.0,29768.0,-992223.0,-13.58,-714879.0,-9.79,-277344.0,-3.8,442713.0,6.06,549511.0,7.52,8.0,1.435,1.436,320443904.0,460157446,460157446,2025-12-16,2025-12-16 15:52:55+08:00
159867,畜牧ETF,0.645,0.6462,0.19,-0.005,-0.77,188483.0,12154099.52,0.648,0.653,0.641,0.65,1.85,1.42,0.52,29.9,85419.0,103064.0,-442126.0,-3.64,799806.0,6.58,-1241932.0,-10.22,6543.0,0.05,435583.0,3.58,-75.0,0.645,0.646,1324143600.0,854072622,854072622,2025-12-16,2025-12-16 15:34:33+08:00
516200,证券ETF指数基金,1.141,1.1407,-0.03,-0.009,-0.78,57632.0,6593085.0,1.145,1.151,1.14,1.15,0.96,1.75,0.6,23.88,27403.0,30229.0,-217750.0,-3.3,228457.0,3.47,-446207.0,-6.77,-27882.0,-0.42,245632.0,3.73,50.0,1.14,1.143,329604000.0,376078164,376078164,2025-12-16,2025-12-16 15:52:56+08:00
159959,央企ETF,1.516,1.5184,0.16,-0.012,-0.79,4101.0,621368.6,1.522,1.522,1.51,1.528,0.79,0.02,0.85,-1.03,1766.0,2335.0,224666.0,36.16,229974.0,37.01,-5308.0,-0.85,-282610.0,-45.48,57943.0,9.33,39.0,1.516,1.52,1836891776.0,2784727932,2784727932,2025-12-16,2025-12-16 15:34:15+08:00
517880,品牌消费ETF,0.882,0.882,0.0,-0.007,-0.79,40538.0,3580958.0,0.889,0.889,0.878,0.889,1.24,11.47,1.44,33.03,6467.0,34071.0,-181800.0,-5.08,0.0,0.0,-181800.0,-5.08,75747.0,2.12,106053.0,2.96,48.0,0.882,0.883,35337100.0,31167322,31167322,2025-12-16,2025-12-16 15:52:54+08:00
159558,半导体设备ETF易方达,1.75,1.7487,-0.07,-0.014,-0.79,435682.0,76144182.704,1.741,1.77,1.723,1.764,2.66,5.21,1.02,33.92,206391.0,229291.0,-5376292.0,-7.06,-43556.0,-0.06,-5332736.0,-7.0,1899464.0,2.49,3476829.0,4.57,-731.0,1.75,1.752,835854640.0,1462745620,1462745620,2025-12-16,2025-12-16 15:34:12+08:00
159561,德国ETF,1.357,1.3554,-0.12,-0.011,-0.8,242555.0,32925196.1,1.363,1.365,1.354,1.368,0.8,1.63,0.56,-50.12,117872.0,124683.0,-494824.0,-1.5,-1602999.0,-4.87,1108175.0,3.37,-8526.0,-0.03,503350.0,1.53,-2034.0,1.357,1.358,1487499488.0,2018536805,2018536805,2025-12-16,2025-12-16 15:34:48+08:00
159883,医疗器械ETF,0.489,0.49,0.2,-0.004,-0.81,1463479.0,71655166.1,0.493,0.495,0.488,0.493,1.42,1.8,0.98,-37.27,500846.0,962633.0,-2658865.0,-3.71,1132850.0,1.58,-3791715.0,-5.29,900756.0,1.26,1758109.0,2.45,-2920.0,0.489,0.49,8145037824.0,3982923496,3982923496,2025-12-16,2025-12-16 15:34:27+08:00
159328,家电ETF易方达,1.1,1.1003,0.03,-0.009,-0.81,7887.0,869583.821,1.112,1.114,1.098,1.109,1.44,0.75,0.73,3.93,3332.0,4555.0,-33596.0,-3.86,50236.0,5.78,-83832.0,-9.64,-21570.0,-2.48,55167.0,6.34,-330.0,1.099,1.1,104556700.0,115012370,115012370,2025-12-16,2025-12-16 15:34:48+08:00
562320,沪深300价值ETF,1.342,1.3427,0.05,-0.011,-0.81,86139.0,11562890.0,1.344,1.366,1.339,1.353,2.0,9.14,0.96,-1.74,42965.0,43174.0,-1106720.0,-9.57,0.0,0.0,-1106720.0,-9.57,949089.0,8.21,157631.0,1.36,2000.0,1.343,1.344,94295500.0,126544561,126544561,2025-12-16,2025-12-16 15:52:55+08:00
516550,农业ETF,0.735,0.7357,0.1,-0.006,-0.81,157397.0,11582430.0,0.741,0.743,0.732,0.741,1.48,7.14,1.24,68.47,84797.0,72600.0,-149812.0,-1.29,2368325.0,20.45,-2518137.0,-21.74,60100.0,0.52,89713.0,0.77,-1.0,0.735,0.736,220414400.0,162004584,162004584,2025-12-16,2025-12-16 15:52:56+08:00
561580,央企红利ETF,1.22,1.2176,-0.2,-0.01,-0.81,714240.0,87051835.0,1.231,1.231,1.215,1.23,1.3,9.35,2.05,50.75,226000.0,488240.0,-5450111.0,-6.26,5466084.0,6.28,-10916195.0,-12.54,234674.0,0.27,5215438.0,5.99,10.0,1.219,1.22,763870704.0,931922259,931922259,2025-12-16,2025-12-16 15:52:53+08:00
159525,红利低波ETF,1.085,1.0861,0.1,-0.009,-0.82,235831.0,25643147.4,1.093,1.095,1.083,1.094,1.1,7.31,1.55,-91.25,144687.0,91144.0,-6207366.0,-24.21,-3601082.0,-14.04,-2606284.0,-10.16,2092284.0,8.16,4115083.0,16.05,893.0,1.084,1.085,322743744.0,350176962,350176962,2025-12-16,2025-12-16 15:34:51+08:00
510650,金融地产ETF,3.021,3.0255,0.15,-0.025,-0.82,6315.0,1913679.0,3.047,3.06,3.013,3.046,1.54,6.04,2.0,21.51,3960.0,2355.0,-487659.0,-25.48,0.0,0.0,-487659.0,-25.48,346281.0,18.1,141378.0,7.39,-25.0,3.017,3.033,10452500.0,31577003,31577003,2025-12-16,2025-12-16 15:52:43+08:00
515800,800ETF,1.21,1.2045,-0.46,-0.01,-0.82,4799855.0,578201092.0,1.22,1.22,1.2,1.22,1.64,10.98,7.53,98.74,745392.0,4054463.0,-437112.0,-0.08,-7265040.0,-1.26,6827928.0,1.18,1479226.0,0.26,-1042100.0,-0.18,206.0,1.206,1.21,4371687168.0,5289741473,5289741473,2025-12-16,2025-12-16 15:52:56+08:00
561870,自由现金流ETF全指,1.21,1.2098,-0.02,-0.01,-0.82,10063.0,1217858.0,1.217,1.217,1.206,1.22,0.9,0.58,0.44,-41.95,3065.0,6998.0,89568.0,7.35,-317013.0,-26.03,406581.0,33.38,-94413.0,-7.75,4845.0,0.4,5.0,1.208,1.21,174765000.0,211465650,211465650,2025-12-16,2025-12-16 15:52:55+08:00
562600,医疗器械ETF,0.849,0.8513,0.27,-0.007,-0.82,223240.0,18985963.0,0.855,0.858,0.847,0.856,1.29,5.77,1.26,63.25,105288.0,117952.0,1910147.0,10.06,-5003062.0,-26.35,6913209.0,36.41,11464.0,0.06,-1921611.0,-10.12,267.0,0.848,0.849,386937408.0,328509859,328509859,2025-12-16,2025-12-16 15:52:53+08:00
516310,银行ETF易方达,1.334,1.3371,0.23,-0.011,-0.82,695989.0,93146493.0,1.345,1.348,1.331,1.345,1.26,3.48,1.07,30.98,355684.0,340305.0,4742677.0,5.09,7511880.0,8.06,-2769203.0,-2.97,361261.0,0.39,-5103938.0,-5.48,-1.0,1.334,1.336,1998258496.0,2665676834,2665676834,2025-12-16,2025-12-16 15:52:55+08:00
159974,央企创新ETF,1.69,1.6902,0.01,-0.014,-0.82,5910.0,996185.8,1.695,1.695,1.681,1.704,0.82,1.09,1.19,6.08,2291.0,3619.0,-40131.0,-4.03,0.0,0.0,-40131.0,-4.03,84513.0,8.48,-44381.0,-4.46,2.0,1.686,1.692,54432422.0,91990793,91990793,2025-12-16,2025-12-16 15:34:09+08:00
515080,中证红利ETF,1.544,1.5419,-0.14,-0.013,-0.83,2026981.0,313357407.0,1.558,1.559,1.541,1.557,1.16,3.72,1.55,51.3,759828.0,1267153.0,-76506975.0,-24.42,-62280893.0,-19.88,-14226082.0,-4.54,38961457.0,12.43,37545518.0,11.98,826.0,1.544,1.545,5448148992.0,8411942044,8411942044,2025-12-16,2025-12-16 15:52:56+08:00
562060,标普红利ETF,0.6,0.5998,-0.03,-0.005,-0.83,939134.0,56400430.0,0.604,0.605,0.599,0.605,0.99,2.36,0.94,3.78,402124.0,537010.0,-550923.0,-0.98,4661647.0,8.27,-5212570.0,-9.24,95732.0,0.17,455191.0,0.81,-1.0,0.6,0.601,3987792608.0,2392675565,2392675565,2025-12-16,2025-12-16 15:52:55+08:00
510210,上证指数ETF,0.958,0.9564,-0.17,-0.008,-0.83,7287854.0,697815127.0,0.965,0.966,0.954,0.966,1.24,11.83,2.49,56.33,3882611.0,3405243.0,-222597899.0,-31.9,-293042172.0,-41.99,70444273.0,10.09,139385852.0,19.97,83212048.0,11.92,1335.0,0.957,0.958,6161192704.0,5902422610,5902422610,2025-12-16,2025-12-16 15:52:46+08:00
159549,红利低波ETF天弘,1.199,1.2013,0.19,-0.01,-0.83,37373.0,4493294.0,1.211,1.211,1.199,1.209,0.99,0.09,0.98,-12.12,13731.0,23642.0,648808.0,14.44,64513.0,1.44,584295.0,13.0,-324041.0,-7.21,-324766.0,-7.23,-1.0,1.2,1.202,4038523888.0,4842190142,4842190142,2025-12-16,2025-12-16 15:34:06+08:00
159655,标普ETF,1.803,1.7463,-3.25,-0.015,-0.83,586525.0,105602980.509,1.815,1.815,1.794,1.818,1.16,2.93,0.9,-68.95,261649.0,324876.0,-11892722.0,-11.26,-8377175.0,-7.93,-3515547.0,-3.33,1288741.0,1.22,10603981.0,10.04,2650.0,1.802,1.803,2001143040.0,3608060901,3608060901,2025-12-16,2025-12-16 15:34:39+08:00
563760,全指自由现金流ETF,1.177,1.1771,0.01,-0.01,-0.84,982478.0,115694829.0,1.185,1.187,1.174,1.187,1.1,15.35,1.15,8.66,449874.0,532604.0,-5226309.0,-4.52,-8751137.0,-7.56,3524828.0,3.05,5349761.0,4.62,-123452.0,-0.11,-1000.0,1.177,1.178,639913200.0,753177836,753177836,2025-12-16,2025-12-16 15:52:52+08:00
512390,平安MSCI低波ETF,1.177,1.1775,0.04,-0.01,-0.84,5094.0,599659.0,1.182,1.182,1.175,1.187,0.59,0.3,0.76,-45.73,5.0,5089.0,192116.0,32.04,0.0,0.0,192116.0,32.04,-160793.0,-26.81,-31323.0,-5.22,-12.0,1.177,1.178,168682000.0,198538714,198538714,2025-12-16,2025-12-16 15:53:00+08:00
159848,证券ETF国联安,0.948,0.9493,0.14,-0.008,-0.84,75224.0,7151492.1,0.951,0.958,0.948,0.956,1.05,5.0,0.83,-64.26,28025.0,47199.0,-253708.0,-3.55,-344270.0,-4.81,90562.0,1.27,134262.0,1.88,119447.0,1.67,123.0,0.947,0.948,150311239.0,142495055,142495055,2025-12-16,2025-12-16 15:34:15+08:00
159528,国企改革ETF,1.162,1.1608,-0.1,-0.01,-0.85,2699.0,313023.0,1.168,1.172,1.156,1.172,1.37,1.56,1.44,1.15,1403.0,1296.0,-66474.0,-21.24,-1172.0,-0.37,-65302.0,-20.86,34830.0,11.13,31644.0,10.11,1.0,1.161,1.162,17320773.0,20126738,20126738,2025-12-16,2025-12-16 15:34:51+08:00
516530,物流快递ETF,0.936,0.9355,-0.05,-0.008,-0.85,11969.0,1121488.0,0.942,0.942,0.932,0.944,1.06,1.37,1.69,7.74,4367.0,7602.0,89995.0,8.02,-428081.0,-38.17,518076.0,46.2,-103258.0,-9.21,13263.0,1.18,100.0,0.935,0.936,87302300.0,81714953,81714953,2025-12-16,2025-12-16 15:52:57+08:00
512670,国防ETF,0.816,0.8154,-0.07,-0.007,-0.85,2680163.0,217071659.0,0.82,0.821,0.801,0.823,2.43,5.05,1.11,-10.89,1341902.0,1338262.0,11242997.0,5.18,22051233.0,10.16,-10808236.0,-4.98,-8523724.0,-3.93,-2719273.0,-1.25,-250.0,0.816,0.817,5310652672.0,4333492580,4333492580,2025-12-16,2025-12-16 15:52:58+08:00
159516,半导体设备ETF,1.497,1.4952,-0.12,-0.013,-0.86,5364703.0,801949747.051,1.496,1.516,1.475,1.51,2.72,11.86,1.49,37.55,2843139.0,2521564.0,-104428387.0,-13.02,-106779792.0,-13.32,2351405.0,0.29,50727608.0,6.33,53700785.0,6.7,-18256.0,1.497,1.498,4523589888.0,6771814062,6771814062,2025-12-16,2025-12-16 15:34:39+08:00
588710,科创半导体设备ETF,1.504,1.5026,-0.09,-0.013,-0.86,1215881.0,183236543.0,1.5,1.533,1.484,1.517,3.23,24.21,1.63,13.44,686592.0,529289.0,-30857125.0,-16.84,-18813583.0,-10.27,-12043542.0,-6.57,15324900.0,8.36,15532225.0,8.48,-30.0,1.504,1.505,502295008.0,755451692,755451692,2025-12-16,2025-12-16 15:52:38+08:00
159267,航天ETF,1.035,1.0309,-0.4,-0.009,-0.86,590023.0,60337988.814,1.044,1.044,1.01,1.044,3.26,14.2,1.14,1.07,278763.0,311260.0,-4482638.0,-7.43,2488286.0,4.12,-6970924.0,-11.55,2010704.0,3.33,2471936.0,4.1,589.0,1.034,1.035,415506128.0,430048842,430048842,2025-12-16,2025-12-16 15:34:09+08:00
159945,能源ETF广发,1.148,1.1469,-0.1,-0.01,-0.86,5625.0,643331.7,1.152,1.152,1.135,1.158,1.47,2.55,0.37,-3.3,1438.0,4187.0,15063.0,2.34,0.0,0.0,15063.0,2.34,-68732.0,-10.68,53670.0,8.34,16.0,1.145,1.148,22072327.0,25339031,25339031,2025-12-16,2025-12-16 15:35:00+08:00
510600,申万上证50ETF,3.873,3.8723,-0.02,-0.034,-0.87,5286.0,2046850.0,3.883,3.883,3.855,3.907,0.72,4.36,1.47,14.88,3057.0,2229.0,-491738.0,-24.02,0.0,0.0,-491738.0,-24.02,317009.0,15.49,174730.0,8.54,31.0,3.858,3.888,12115100.0,46921782,46921782,2025-12-16,2025-12-16 15:52:42+08:00
516790,医疗ETF华泰柏瑞,0.572,0.5739,0.33,-0.005,-0.87,81013.0,4637423.0,0.578,0.578,0.571,0.577,1.21,4.5,2.07,6.97,30259.0,50754.0,1914581.0,41.29,2043127.0,44.06,-128546.0,-2.77,-1367939.0,-29.5,-546642.0,-11.79,-308.0,0.571,0.573,180082200.0,103007018,103007018,2025-12-16,2025-12-16 15:52:55+08:00
159623,成渝经济圈ETF,1.026,1.0248,-0.12,-0.009,-0.87,145475.0,14912640.4,1.036,1.037,1.02,1.035,1.64,0.45,0.61,13.76,60616.0,84859.0,2254394.0,15.12,2152826.0,14.44,101568.0,0.68,-138505.0,-0.93,-2115889.0,-14.19,1.0,1.023,1.026,3255271696.0,3339908760,3339908760,2025-12-16,2025-12-16 15:34:33+08:00
159877,医疗ETF南方,0.568,0.5684,0.07,-0.005,-0.87,28110.0,1598736.2,0.577,0.577,0.567,0.573,1.75,1.65,1.6,-7.62,12861.0,15249.0,30250.0,1.89,-314143.0,-19.65,344393.0,21.54,-72186.0,-4.52,41937.0,2.62,2000.0,0.567,0.57,170792292.0,97010022,97010022,2025-12-16,2025-12-16 15:34:42+08:00
510880,红利ETF,3.14,3.1375,-0.08,-0.028,-0.88,2185813.0,686949710.0,3.167,3.167,3.135,3.168,1.01,3.79,1.36,79.17,776147.0,1409666.0,-218653133.0,-31.83,-317902782.0,-46.28,99249649.0,14.45,91730860.0,13.35,126922266.0,18.48,231.0,3.139,3.14,5768675584.0,18113641334,18113641334,2025-12-16,2025-12-16 15:52:32+08:00
588170,科创半导体ETF,1.457,1.4562,-0.05,-0.013,-0.88,4462948.0,650984528.0,1.456,1.484,1.437,1.47,3.2,18.42,1.2,38.4,2071224.0,2391724.0,-69845233.0,-10.73,-64341569.0,-9.88,-5503664.0,-0.85,35539875.0,5.46,34305359.0,5.27,-10.0,1.457,1.458,2423149008.0,3530528105,3530528105,2025-12-16,2025-12-16 15:52:44+08:00
159232,自由现金流ETF南方,1.225,1.2235,-0.12,-0.011,-0.89,1217325.0,149215128.5,1.234,1.235,1.221,1.236,1.13,11.14,1.24,35.02,642180.0,575145.0,-13607868.0,-9.12,-26892376.0,-18.02,13284508.0,8.9,11396440.0,7.64,2211428.0,1.48,-244.0,1.225,1.226,1092948560.0,1338861986,1338861986,2025-12-16,2025-12-16 15:34:27+08:00
159617,500价值ETF,1.329,1.3287,-0.02,-0.012,-0.89,210.0,27843.9,1.33,1.33,1.323,1.341,0.52,0.07,0.09,4.18,18.0,192.0,22395.0,80.43,0.0,0.0,22395.0,80.43,0.0,0.0,-22395.0,-80.43,1.0,1.324,1.334,29418382.0,39097030,39097030,2025-12-16,2025-12-16 15:34:21+08:00
516570,化工行业ETF,0.893,0.8938,0.09,-0.008,-0.89,84936.0,7570387.0,0.9,0.905,0.884,0.901,2.33,4.79,1.15,24.67,41072.0,43864.0,-71284.0,-0.94,944986.0,12.48,-1016270.0,-13.42,39620.0,0.52,31663.0,0.42,-10.0,0.892,0.895,177357600.0,158380337,158380337,2025-12-16,2025-12-16 15:52:56+08:00
515090,可持续发展ETF,1.336,1.3318,-0.32,-0.012,-0.89,3975.0,531909.0,1.345,1.347,1.329,1.348,1.34,8.28,2.33,3.14,3965.0,10.0,-100758.0,-18.94,212800.0,40.01,-313558.0,-58.95,66407.0,12.48,34351.0,6.46,100.0,1.331,1.341,4801700.0,6415071,6415071,2025-12-16,2025-12-16 15:52:57+08:00
563580,自由现金流ETF800,1.111,1.1115,0.04,-0.01,-0.89,87892.0,9770239.0,1.119,1.119,1.109,1.121,0.89,2.0,1.19,-2.49,40680.0,47212.0,-481276.0,-4.93,-1803150.0,-18.46,1321874.0,13.53,194324.0,1.99,286952.0,2.94,-88.0,1.111,1.113,439648000.0,488448928,488448928,2025-12-16,2025-12-16 15:52:52+08:00
563780,现金流全指ETF,1.219,1.2127,-0.52,-0.011,-0.89,188661.0,22907548.0,1.216,1.228,1.21,1.23,1.46,5.6,1.55,40.0,96868.0,91793.0,-7105582.0,-31.02,-8374282.0,-36.56,1268700.0,5.54,4057197.0,17.71,3048386.0,13.31,278.0,1.216,1.218,337027104.0,410836040,410836040,2025-12-16,2025-12-16 15:52:52+08:00
159241,航空航天ETF天弘,1.228,1.2284,0.03,-0.011,-0.89,739819.0,89911677.822,1.237,1.24,1.2,1.239,3.23,15.13,0.89,-33.16,353111.0,386708.0,-4196436.0,-4.67,4747442.0,5.28,-8943878.0,-9.95,2804524.0,3.12,1391913.0,1.55,-1638.0,1.228,1.229,489074272.0,600583206,600583206,2025-12-16,2025-12-16 15:34:30+08:00
512040,价值100ETF,1.119,1.1189,-0.01,-0.01,-0.89,314503.0,35226567.0,1.127,1.13,1.116,1.129,1.24,1.63,0.95,-8.96,137997.0,176506.0,-1352748.0,-3.84,4612656.0,13.09,-5965404.0,-16.93,-663129.0,-1.88,2015875.0,5.72,20.0,1.119,1.12,1926715904.0,2155995097,2155995097,2025-12-16,2025-12-16 15:52:57+08:00
159758,红利质量ETF,0.999,0.9975,-0.15,-0.009,-0.89,1386509.0,138452335.2,1.006,1.007,0.993,1.008,1.39,11.69,1.18,43.07,590165.0,796344.0,-8848717.0,-6.39,-8606122.0,-6.22,-242595.0,-0.18,5329491.0,3.85,3519227.0,2.54,1232.0,0.998,0.999,1186290784.0,1185104493,1185104493,2025-12-16,2025-12-16 15:34:54+08:00
561120,家电ETF,1.332,1.3333,0.1,-0.012,-0.89,64809.0,8655442.0,1.343,1.343,1.331,1.344,0.89,9.24,0.84,-53.15,27783.0,37026.0,57004.0,0.66,133300.0,1.54,-76296.0,-0.88,194911.0,2.25,-251915.0,-2.91,-9.0,1.332,1.333,70159900.0,93452987,93452987,2025-12-16,2025-12-16 15:52:55+08:00
563990,800现金流ETF,1.22,1.2193,-0.06,-0.011,-0.89,77112.0,9415875.0,1.229,1.229,1.215,1.231,1.14,1.51,0.79,39.18,47535.0,29577.0,-982352.0,-10.43,367.0,0.0,-982719.0,-10.44,-588043.0,-6.25,1570396.0,16.68,20.0,1.219,1.22,511573008.0,624119070,624119070,2025-12-16,2025-12-16 15:52:54+08:00
159249,A500增强ETF工银,1.217,1.2162,-0.07,-0.011,-0.9,309707.0,37597427.9,1.227,1.227,1.209,1.228,1.47,49.01,1.2,-1.59,154304.0,155403.0,-833864.0,-2.22,325837.0,0.87,-1159701.0,-3.08,735069.0,1.96,98796.0,0.26,27.0,1.215,1.217,63191923.0,76904570,76904570,2025-12-16,2025-12-16 15:34:36+08:00
159692,证券ETF东财,1.316,1.3171,0.08,-0.012,-0.9,346517.0,45791773.2,1.326,1.33,1.315,1.328,1.13,4.54,0.91,7.3,140237.0,206280.0,-3528419.0,-7.71,-1606180.0,-3.51,-1922239.0,-4.2,-71285.0,-0.16,3599705.0,7.86,-3290.0,1.316,1.317,763455968.0,1004708054,1004708054,2025-12-16,2025-12-16 15:34:57+08:00
516460,现金流ETF800,1.214,1.2146,0.05,-0.011,-0.9,15326.0,1861851.0,1.223,1.223,1.21,1.225,1.06,0.59,1.29,79.79,10354.0,4972.0,580787.0,31.19,20257.0,1.09,560530.0,30.11,6382.0,0.34,-587169.0,-31.54,9.0,1.213,1.214,261693000.0,317695302,317695302,2025-12-16,2025-12-16 15:52:55+08:00
159910,基本面120ETF,2.319,2.3182,-0.03,-0.021,-0.9,2401.0,560067.5,2.33,2.341,2.31,2.34,1.32,0.21,0.19,-57.88,2132.0,269.0,1203.0,0.21,0.0,0.0,1203.0,0.21,-59360.0,-10.6,58157.0,10.38,10.0,2.31,2.328,114906143.0,266467346,266467346,2025-12-16,2025-12-16 15:34:39+08:00
159236,自由现金流ETF工银,1.205,1.2054,0.03,-0.011,-0.9,92987.0,11212735.105,1.212,1.213,1.202,1.216,0.9,15.57,1.23,11.55,52162.0,40825.0,259687.0,2.32,806074.0,7.19,-546387.0,-4.87,-330910.0,-2.95,71223.0,0.64,407.0,1.202,1.208,59722161.0,71965204,71965204,2025-12-16,2025-12-16 15:34:30+08:00
563770,全指现金流ETF,1.206,1.2058,-0.02,-0.011,-0.9,65667.0,7924004.0,1.215,1.215,1.203,1.217,0.99,18.87,1.15,90.2,26487.0,39180.0,-158735.0,-2.0,459502.0,5.8,-618237.0,-7.8,167064.0,2.11,-8328.0,-0.11,-10.0,1.205,1.209,34807000.0,41977242,41977242,2025-12-16,2025-12-16 15:52:52+08:00
512090,MSCIA股ETF易方达,1.866,1.8646,-0.08,-0.017,-0.9,1444458.0,269590743.0,1.88,1.886,1.858,1.883,1.49,35.09,0.89,-14.1,774274.0,670184.0,-20575914.0,-7.63,-168371.0,-0.06,-20407543.0,-7.57,19697577.0,7.31,878339.0,0.33,-3768.0,1.863,1.867,411592304.0,768031239,768031239,2025-12-16,2025-12-16 15:52:58+08:00
510980,上证综合ETF,1.327,1.3249,-0.16,-0.012,-0.9,659205.0,87476387.0,1.338,1.338,1.323,1.339,1.12,17.45,2.0,42.89,310220.0,348985.0,-38131592.0,-43.59,-39218794.0,-44.83,1087202.0,1.24,16579971.0,18.95,21551622.0,24.64,159.0,1.326,1.327,377798000.0,501337946,501337946,2025-12-16,2025-12-16 15:52:33+08:00
159227,航空航天ETF,1.207,1.2072,0.02,-0.011,-0.9,2435053.0,291014539.4,1.219,1.219,1.18,1.218,3.2,13.84,1.06,-16.38,1167823.0,1267230.0,-16125732.0,-5.54,1109470.0,0.38,-17235202.0,-5.92,5544590.0,1.91,10581142.0,3.64,13906.0,1.206,1.207,1758911200.0,2123005818,2123005818,2025-12-16,2025-12-16 15:34:30+08:00
159595,中证A50ETF基金,1.31,1.3085,-0.11,-0.012,-0.91,1865992.0,244395762.5,1.322,1.324,1.302,1.322,1.66,9.29,1.38,65.5,1023607.0,842385.0,4558321.0,1.87,-28924186.0,-11.83,33482507.0,13.7,-1593223.0,-0.65,-2965098.0,-1.21,20.0,1.305,1.31,2008113248.0,2630628355,2630628355,2025-12-16,2025-12-16 15:34:18+08:00
159930,能源ETF,1.422,1.4235,0.11,-0.013,-0.91,365361.0,51811049.9,1.429,1.432,1.406,1.435,1.81,9.21,1.37,83.29,132720.0,232641.0,-4069954.0,-7.86,22377663.0,43.19,-26447617.0,-51.05,3567204.0,6.89,502749.0,0.97,-733.0,1.422,1.423,396898144.0,564389161,564389161,2025-12-16,2025-12-16 15:34:48+08:00
516910,物流ETF,1.083,1.0826,-0.04,-0.01,-0.91,79842.0,8653299.0,1.098,1.098,1.079,1.093,1.74,12.55,0.91,2.88,37280.0,42562.0,-422797.0,-4.89,0.0,0.0,-422797.0,-4.89,143523.0,1.66,279273.0,3.23,6.0,1.082,1.083,63641800.0,68924069,68924069,2025-12-16,2025-12-16 15:52:57+08:00
159238,300ETF增强,1.202,1.2008,-0.1,-0.011,-0.91,15142.0,1822364.6,1.212,1.213,1.198,1.213,1.24,3.44,1.12,60.97,2782.0,12360.0,152045.0,8.34,603000.0,33.09,-450955.0,-24.75,-178200.0,-9.78,26155.0,1.44,-12.0,1.203,1.207,44016186.0,52907456,52907456,2025-12-16,2025-12-16 15:34:36+08:00
159119,800现金流ETF,0.985,0.9864,0.14,-0.009,-0.91,62172.0,6128658.135,0.994,0.994,0.983,0.994,1.11,3.34,1.15,61.94,29130.0,33042.0,-703103.0,-11.47,806356.0,13.16,-1509459.0,-24.63,202987.0,3.31,500116.0,8.16,389.0,0.984,0.985,186054229.0,183263416,183263416,2025-12-16,2025-12-16 15:34:09+08:00
159331,红利港股ETF,1.287,1.2877,0.05,-0.012,-0.92,86320.0,11143513.8,1.307,1.307,1.284,1.299,1.77,4.0,0.67,48.19,26947.0,59373.0,-1308739.0,-11.74,-982809.0,-8.82,-325930.0,-2.92,526616.0,4.73,782124.0,7.02,136.0,1.286,1.287,215694179.0,277598408,277598408,2025-12-16,2025-12-16 15:34:48+08:00
159106,民企300ETF,0.974,0.9715,-0.26,-0.009,-0.92,44673.0,4340581.82,0.985,0.986,0.966,0.983,2.03,2.11,0.93,61.8,25887.0,18786.0,-245916.0,-5.67,1635270.0,37.67,-1881186.0,-43.34,89976.0,2.07,155941.0,3.59,1107.0,0.973,0.974,211579488.0,206078421,206078421,2025-12-16,2025-12-16 15:35:03+08:00
563630,A500增强ETF国联安,1.184,1.1819,-0.18,-0.011,-0.92,15630.0,1847566.0,1.195,1.195,1.177,1.195,1.51,3.01,0.96,-1.34,6366.0,9264.0,-68640.0,-3.72,0.0,0.0,-68640.0,-3.72,-688447.0,-37.26,757087.0,40.98,20.0,1.181,1.184,51947100.0,61505366,61505366,2025-12-16,2025-12-16 15:52:54+08:00
516380,智能电动车ETF,0.972,0.971,-0.1,-0.009,-0.92,15510.0,1511919.0,0.988,0.988,0.967,0.981,2.14,1.64,1.91,12.39,9844.0,5666.0,-47874.0,-3.17,-663989.0,-43.92,616115.0,40.75,34877.0,2.31,12996.0,0.86,1.0,0.971,0.972,94449300.0,91804720,91804720,2025-12-16,2025-12-16 15:52:57+08:00
516720,ESGETF,1.074,1.0726,-0.13,-0.01,-0.92,14556.0,1559829.0,1.078,1.078,1.069,1.084,0.83,8.64,1.04,-0.87,7133.0,7423.0,78618.0,5.04,0.0,0.0,78618.0,5.04,-80656.0,-5.17,2037.0,0.13,425.0,1.071,1.073,16837800.0,18083797,18083797,2025-12-16,2025-12-16 15:52:57+08:00
530280,上证180ETF指数基金,1.181,1.1816,0.05,-0.011,-0.92,919.0,108554.0,1.19,1.19,1.18,1.192,0.84,0.18,0.29,17.31,22.0,897.0,-65393.0,-60.24,0.0,0.0,-65393.0,-60.24,63537.0,58.53,1855.0,1.71,-100.0,1.18,1.186,50934000.0,60153054,60153054,2025-12-16,2025-12-16 15:52:48+08:00
159616,农牧ETF,0.851,0.8527,0.2,-0.008,-0.93,229411.0,19509409.0,0.864,0.864,0.846,0.859,2.1,31.19,1.4,89.6,100080.0,129331.0,-86337.0,-0.44,1918717.0,9.83,-2005054.0,-10.28,178382.0,0.91,-92045.0,-0.47,-116.0,0.85,0.854,73561112.0,62600506,62600506,2025-12-16,2025-12-16 15:34:18+08:00
516600,消费服务ETF,0.638,0.6373,-0.11,-0.006,-0.93,58365.0,3729567.0,0.649,0.654,0.636,0.644,2.8,4.55,1.01,38.59,33769.0,24596.0,-222321.0,-5.96,95832.0,2.57,-318153.0,-8.53,-1090.0,-0.03,223411.0,5.99,4.0,0.637,0.641,128332100.0,81875880,81875880,2025-12-16,2025-12-16 15:52:55+08:00
159996,家电ETF,1.49,1.4921,0.14,-0.014,-0.93,345789.0,51750333.012,1.499,1.507,1.489,1.504,1.2,3.55,1.02,27.61,135459.0,210330.0,18543919.0,35.83,17270935.0,33.37,1272984.0,2.46,-15148068.0,-29.27,-3395851.0,-6.56,-2243.0,1.49,1.491,974554848.0,1452086724,1452086724,2025-12-16,2025-12-16 15:34:21+08:00
510270,国企ETF,1.47,1.4712,0.08,-0.014,-0.94,685.0,101019.0,1.479,1.48,1.468,1.484,0.81,0.43,0.24,3.74,139.0,546.0,-26484.0,-26.22,0.0,0.0,-26484.0,-26.22,0.0,0.0,26484.0,26.22,-146.0,1.469,1.476,15832100.0,23273187,23273187,2025-12-16,2025-12-16 15:53:00+08:00
159732,消费电子ETF,1.059,1.0591,0.01,-0.01,-0.94,2327654.0,247055443.409,1.064,1.075,1.051,1.069,2.25,8.11,1.73,-32.64,572227.0,1755427.0,86483842.0,35.01,103248865.0,41.79,-16765023.0,-6.79,-86883729.0,-35.17,399886.0,0.16,4203.0,1.058,1.059,2871447904.0,3040863330,3040863330,2025-12-16,2025-12-16 15:34:24+08:00
513650,标普500ETF南方,1.799,1.7343,-3.73,-0.017,-0.94,753763.0,135439668.0,1.81,1.81,1.791,1.816,1.05,2.81,0.79,1.72,310452.0,443311.0,-16045610.0,-11.85,-3033267.0,-2.24,-13012343.0,-9.61,-2990441.0,-2.21,19036051.0,14.06,112.0,1.798,1.799,2678734000.0,4819042466,4819042466,2025-12-16,2025-12-16 15:52:56+08:00
561930,沪深300ETF招商,1.474,1.4714,-0.18,-0.014,-0.94,86749.0,12773964.0,1.488,1.488,1.467,1.488,1.41,3.73,1.27,91.99,48375.0,38374.0,-1325292.0,-10.37,-587893.0,-4.6,-737399.0,-5.77,762671.0,5.97,562623.0,4.4,20.0,1.472,1.475,232260600.0,342352124,342352124,2025-12-16,2025-12-16 15:52:53+08:00
560000,智慧电车ETF,0.832,0.8314,-0.07,-0.008,-0.95,1208.0,100734.0,0.84,0.84,0.828,0.84,1.43,1.0,1.05,1.44,84.0,1124.0,22864.0,22.7,-31226.0,-31.0,54090.0,53.7,-16300.0,-16.18,-6564.0,-6.52,20.0,0.828,0.832,12022900.0,10003053,10003053,2025-12-16,2025-12-16 15:52:56+08:00
530580,上证180ETF南方,1.144,1.1402,-0.33,-0.011,-0.95,169901.0,19372536.0,1.15,1.15,1.137,1.155,1.13,23.88,1.54,18.53,99422.0,70479.0,-127976.0,-0.66,165828.0,0.86,-293804.0,-1.52,5015.0,0.03,122962.0,0.63,37.0,1.138,1.144,71149000.0,81394456,81394456,2025-12-16,2025-12-16 15:52:38+08:00
512550,富时A50ETF嘉实,1.767,1.7661,-0.05,-0.017,-0.95,66856.0,11836909.0,1.78,1.787,1.76,1.784,1.51,4.52,1.87,-13.94,24718.0,42138.0,1414005.0,11.95,-1051743.0,-8.89,2465748.0,20.83,-1447992.0,-12.23,33987.0,0.29,234.0,1.765,1.77,147906000.0,261349902,261349902,2025-12-16,2025-12-16 15:52:59+08:00
560880,家电ETF龙头,1.561,1.5623,0.08,-0.015,-0.95,143585.0,22469737.0,1.573,1.574,1.559,1.576,0.95,3.56,1.13,-30.33,67737.0,75848.0,2937688.0,13.07,1200709.0,5.34,1736979.0,7.73,-271750.0,-1.21,-2665936.0,-11.86,-299.0,1.561,1.562,403732000.0,630225652,630225652,2025-12-16,2025-12-16 15:52:54+08:00
560180,沪深300ESGETF南方,1.141,1.1393,-0.15,-0.011,-0.95,51513.0,5881576.0,1.149,1.149,1.137,1.152,1.04,33.01,1.2,52.57,26850.0,24663.0,91712.0,1.56,-2104969.0,-35.79,2196681.0,37.35,-110306.0,-1.88,18594.0,0.32,246.0,1.139,1.14,15603000.0,17803023,17803023,2025-12-16,2025-12-16 15:52:55+08:00
530180,上证180ETF易方达,1.152,1.1509,-0.1,-0.011,-0.95,63359.0,7299072.0,1.159,1.159,1.147,1.163,1.03,9.32,2.18,5.41,34443.0,28916.0,-435571.0,-5.97,0.0,0.0,-435571.0,-5.97,327182.0,4.48,108388.0,1.48,3.0,1.147,1.157,67952000.0,78280704,78280704,2025-12-16,2025-12-16 15:52:30+08:00
159828,医疗ETF,0.419,0.4191,0.02,-0.004,-0.95,981702.0,41239816.1,0.422,0.425,0.418,0.423,1.65,2.08,1.28,3.6,403367.0,578335.0,-4261623.0,-10.33,-4401694.0,-10.67,140071.0,0.34,2591905.0,6.28,1669718.0,4.05,2265.0,0.418,0.419,4715439360.0,1975769092,1975769092,2025-12-16,2025-12-16 15:34:06+08:00
513970,恒生消费ETF,0.934,0.9359,0.2,-0.009,-0.95,1426931.0,133326593.0,0.942,0.944,0.928,0.943,1.7,4.42,0.81,-15.15,570728.0,856203.0,-8386015.0,-6.29,13656210.0,10.24,-22042225.0,-16.53,4803887.0,3.6,3582128.0,2.69,2.0,0.933,0.934,3230041008.0,3016858301,3016858301,2025-12-16,2025-12-16 15:52:59+08:00
159621,MSCIESGETF,1.141,1.1419,0.08,-0.011,-0.95,31902.0,3651286.1,1.152,1.152,1.138,1.152,1.22,18.3,1.13,-31.77,11561.0,20341.0,51263.0,1.4,0.0,0.0,51263.0,1.4,-27508.0,-0.75,-23755.0,-0.65,1315.0,1.138,1.152,17434717.0,19893012,19893012,2025-12-16,2025-12-16 15:34:42+08:00
510090,ESGETF基金,2.669,2.6714,0.09,-0.026,-0.96,165.0,44329.0,2.695,2.695,2.667,2.695,1.04,0.06,0.61,-50.98,20.0,145.0,-29021.0,-65.47,0.0,0.0,-29021.0,-65.47,0.0,0.0,29021.0,65.47,2.0,2.669,2.68,28081100.0,74948456,74948456,2025-12-16,2025-12-16 15:52:36+08:00
561510,中药ETF华泰柏瑞,1.027,1.0243,-0.26,-0.01,-0.96,9245.0,949528.0,1.037,1.037,1.024,1.037,1.25,1.42,0.42,-56.93,4779.0,4466.0,-374312.0,-39.42,-2875.0,-0.3,-371437.0,-39.12,35677.0,3.76,338635.0,35.66,1.0,1.027,1.029,65206000.0,66966562,66966562,2025-12-16,2025-12-16 15:52:54+08:00
159581,红利ETF基金,1.031,1.0305,-0.05,-0.01,-0.96,287138.0,29689669.9,1.041,1.041,1.029,1.041,1.15,1.93,0.77,38.75,147644.0,139494.0,-5869871.0,-19.77,-14311083.0,-48.2,8441212.0,28.43,3011782.0,10.14,2858089.0,9.63,-515.0,1.031,1.032,1491225712.0,1537453709,1537453709,2025-12-16,2025-12-16 15:34:15+08:00
510050,上证50ETF,3.103,3.0982,-0.15,-0.03,-0.96,7878038.0,2442529699.0,3.131,3.132,3.089,3.133,1.37,1.37,1.43,-9.7,3427479.0,4450559.0,-237206928.0,-9.71,831703312.0,34.05,-1068910240.0,-43.76,88236468.0,3.61,148970468.0,6.1,-877.0,3.103,3.104,57502566912.0,178430465128,178430465128,2025-12-16,2025-12-16 15:52:59+08:00
512200,房地产ETF,1.449,1.448,-0.07,-0.014,-0.96,1282430.0,186034333.0,1.461,1.47,1.436,1.463,2.32,3.65,0.75,10.94,525126.0,757304.0,17978088.0,9.66,19449958.0,10.46,-1471870.0,-0.79,-7154342.0,-3.85,-10823746.0,-5.82,228.0,1.448,1.45,3514597904.0,5092652363,5092652363,2025-12-16,2025-12-16 15:52:58+08:00
510350,沪深300ETF工银,4.687,4.682,-0.11,-0.046,-0.97,60280.0,28406485.0,4.729,4.739,4.67,4.733,1.46,0.79,1.02,13.62,14675.0,45605.0,-1931846.0,-6.8,2179718.0,7.67,-4111564.0,-14.47,936533.0,3.3,995314.0,3.5,700.0,4.686,4.688,766014704.0,3590310918,3590310918,2025-12-16,2025-12-16 15:53:00+08:00
563350,中证A50ETF,1.331,1.3286,-0.18,-0.013,-0.97,193443.0,25762886.0,1.343,1.345,1.324,1.344,1.56,7.38,1.1,26.15,106076.0,87367.0,864346.0,3.36,4523108.0,17.56,-3658762.0,-14.2,-349172.0,-1.36,-515175.0,-2.0,-3.0,1.33,1.332,261997600.0,348718806,348718806,2025-12-16,2025-12-16 15:52:53+08:00
159235,中证现金流ETF,1.229,1.2305,0.12,-0.012,-0.97,771355.0,94930264.6,1.239,1.241,1.226,1.241,1.21,5.22,1.25,45.7,344486.0,426869.0,10001285.0,10.54,5167916.0,5.44,4833369.0,5.09,-11381978.0,-11.99,1380693.0,1.45,-30.0,1.23,1.231,1478729552.0,1817358619,1817358619,2025-12-16,2025-12-16 15:34:27+08:00
159515,国企红利ETF,1.128,1.1287,0.06,-0.011,-0.97,49115.0,5543523.6,1.138,1.138,1.127,1.139,0.97,11.04,3.0,10.1,21331.0,27784.0,148370.0,2.68,-1090655.0,-19.67,1239025.0,22.35,-185360.0,-3.34,36990.0,0.67,-611.0,1.127,1.13,44486631.0,50180920,50180920,2025-12-16,2025-12-16 15:34:42+08:00
563080,中证A50ETF易方达,1.313,1.3113,-0.13,-0.013,-0.98,457180.0,60017917.0,1.33,1.33,1.307,1.326,1.73,2.89,1.19,-0.52,230975.0,226205.0,-2606817.0,-4.34,104912.0,0.17,-2711729.0,-4.52,3098908.0,5.16,-492091.0,-0.82,150.0,1.312,1.313,1584588400.0,2080564569,2080564569,2025-12-16,2025-12-16 15:52:52+08:00
562550,绿电ETF,1.11,1.1083,-0.15,-0.011,-0.98,119777.0,13272900.0,1.126,1.126,1.104,1.121,1.96,4.85,1.15,-22.99,61530.0,58247.0,-138198.0,-1.04,-53025.0,-0.4,-85173.0,-0.64,-653268.0,-4.92,791466.0,5.96,6.0,1.109,1.11,246919300.0,274080423,274080423,2025-12-16,2025-12-16 15:52:53+08:00
562890,A50ETF嘉实,1.309,1.3065,-0.19,-0.013,-0.98,186640.0,24456535.0,1.32,1.324,1.302,1.322,1.66,11.27,0.96,52.62,103905.0,82735.0,-371554.0,-1.52,1763717.0,7.21,-2135271.0,-8.73,783850.0,3.21,-412297.0,-1.69,2502.0,1.307,1.312,165551000.0,216706259,216706259,2025-12-16,2025-12-16 15:52:54+08:00
159925,沪深300ETF南方,4.527,4.5175,-0.21,-0.045,-0.98,143145.0,64873179.741,4.563,4.57,4.5,4.572,1.53,2.36,0.94,-25.7,81283.0,61862.0,-12938238.0,-19.94,-9034865.0,-13.93,-3903373.0,-6.02,6413333.0,9.89,6524906.0,10.06,1205.0,4.52,4.527,606020864.0,2743456451,2743456451,2025-12-16,2025-12-16 15:35:03+08:00
515860,科技ETF嘉实,1.601,1.5998,-0.08,-0.016,-0.99,34305.0,5487234.0,1.617,1.621,1.586,1.617,2.16,2.68,1.36,-19.73,21343.0,12962.0,-223216.0,-4.07,2058046.0,37.51,-2281262.0,-41.57,165256.0,3.01,57959.0,1.06,6.0,1.6,1.602,127878900.0,204734119,204734119,2025-12-16,2025-12-16 15:52:56+08:00
515920,智能消费ETF,1.102,1.1028,0.07,-0.011,-0.99,31432.0,3478810.0,1.11,1.124,1.097,1.113,2.43,3.04,1.22,-19.76,12111.0,19321.0,-738134.0,-21.22,-1331118.0,-38.26,592984.0,17.05,409463.0,11.77,328671.0,9.45,3.0,1.102,1.104,103405700.0,113953081,113953081,2025-12-16,2025-12-16 15:52:55+08:00
563680,800自由现金流ETF,1.203,1.2044,0.12,-0.012,-0.99,51289.0,6180785.0,1.211,1.211,1.2,1.215,0.91,1.71,1.28,48.53,14922.0,36367.0,-212559.0,-3.44,-403095.0,-6.52,190536.0,3.08,155663.0,2.52,56896.0,0.92,-24.0,1.202,1.207,299959008.0,360850687,360850687,2025-12-16,2025-12-16 15:52:52+08:00
530080,上证180ETF天弘,1.19,1.1892,-0.07,-0.012,-1.0,74076.0,8826844.0,1.2,1.2,1.186,1.202,1.16,23.96,1.18,0.26,36666.0,37410.0,60215.0,0.68,3088703.0,34.99,-3028488.0,-34.31,-58512.0,-0.66,-1702.0,-0.02,5400.0,1.189,1.192,30917000.0,36791230,36791230,2025-12-16,2025-12-16 15:52:43+08:00
159565,汽车零部件ETF,1.482,1.4821,0.01,-0.015,-1.0,123887.0,18404420.6,1.5,1.511,1.475,1.497,2.4,7.66,0.77,-0.89,64524.0,59363.0,-1117111.0,-6.07,0.0,0.0,-1117111.0,-6.07,571507.0,3.11,545605.0,2.96,-340.0,1.482,1.483,161627231.0,239531556,239531556,2025-12-16,2025-12-16 15:34:06+08:00
563220,中证A500ETF富国,1.192,1.1886,-0.29,-0.012,-1.0,8599081.0,1023048666.0,1.204,1.204,1.184,1.204,1.66,7.79,1.32,84.08,4049225.0,4549856.0,-43240230.0,-4.23,-65514992.0,-6.4,22274762.0,2.18,42265755.0,4.13,974477.0,0.1,-31000.0,1.192,1.193,11039013632.0,13158504249,13158504249,2025-12-16,2025-12-16 15:52:53+08:00
560700,央企红利50ETF,1.09,1.0909,0.08,-0.011,-1.0,137215.0,14973367.0,1.103,1.103,1.087,1.101,1.45,2.91,0.66,11.3,94028.0,43187.0,-2275928.0,-15.2,-1879602.0,-12.55,-396326.0,-2.65,1688287.0,11.28,587642.0,3.92,-4.0,1.091,1.093,471536896.0,513975217,513975217,2025-12-16,2025-12-16 15:52:54+08:00
159327,半导体设备ETF基金,1.776,1.7744,-0.09,-0.018,-1.0,183651.0,32573595.4,1.782,1.796,1.749,1.794,2.62,6.24,1.02,-9.06,81486.0,102165.0,-2792036.0,-8.57,-1768206.0,-5.43,-1023830.0,-3.14,1763120.0,5.41,1028916.0,3.16,-826.0,1.776,1.777,294524704.0,523075874,523075874,2025-12-16,2025-12-16 15:34:42+08:00
159669,绿电ETF,1.084,1.0827,-0.12,-0.011,-1.0,12151.0,1315369.4,1.095,1.095,1.079,1.095,1.46,1.33,0.79,11.22,3454.0,8697.0,-182215.0,-13.85,-141927.0,-10.79,-40288.0,-3.06,69976.0,5.32,112241.0,8.53,1.0,1.084,1.085,91254781.0,98920183,98920183,2025-12-16,2025-12-16 15:34:45+08:00
159847,医疗ETF易方达,0.396,0.3962,0.05,-0.004,-1.0,338154.0,13424987.096,0.399,0.401,0.395,0.4,1.5,1.16,1.12,-14.22,109082.0,229072.0,-2180059.0,-16.24,-292166.0,-2.18,-1887893.0,-14.06,1288821.0,9.6,891237.0,6.64,480.0,0.395,0.396,2926825360.0,1159022843,1159022843,2025-12-16,2025-12-16 15:34:45+08:00
515680,央企创新ETF嘉实,1.568,1.5674,-0.04,-0.016,-1.01,46575.0,7291253.0,1.573,1.574,1.56,1.584,0.88,0.4,1.16,-9.33,18399.0,28176.0,164046.0,2.25,0.0,0.0,164046.0,2.25,17913.0,0.25,-181959.0,-2.5,70.0,1.566,1.57,1151264704.0,1805183056,1805183056,2025-12-16,2025-12-16 15:52:55+08:00
510020,超大盘ETF,3.806,3.8006,-0.14,-0.039,-1.01,1850.0,702694.0,3.83,3.83,3.784,3.845,1.2,0.46,0.23,45.94,336.0,1514.0,-1781.0,-0.25,0.0,0.0,-1781.0,-0.25,-113360.0,-16.13,115140.0,16.39,101.0,3.807,3.808,39848000.0,151661488,151661488,2025-12-16,2025-12-16 15:52:54+08:00
512710,军工龙头ETF,0.689,0.6883,-0.1,-0.007,-1.01,7766878.0,531253084.0,0.695,0.695,0.676,0.696,2.73,4.17,1.22,-32.85,3683970.0,4082907.0,-15218748.0,-2.86,-10503680.0,-1.98,-4715068.0,-0.89,3239608.0,0.61,11979141.0,2.25,383.0,0.688,0.689,18623658496.0,12831700704,12831700704,2025-12-16,2025-12-16 15:53:00+08:00
512030,中证A50增强ETF易方达,1.082,1.0839,0.18,-0.011,-1.01,17361.0,1882004.0,1.094,1.094,1.08,1.093,1.28,3.68,1.92,15.83,9008.0,8353.0,22454.0,1.19,197897.0,10.52,-175443.0,-9.32,-77417.0,-4.11,54963.0,2.92,2500.0,1.082,1.084,47240000.0,51113680,51113680,2025-12-16,2025-12-16 15:52:59+08:00
159233,自由现金流ETF基金,1.182,1.1838,0.15,-0.012,-1.01,219307.0,25952761.1,1.191,1.192,1.18,1.194,1.01,3.57,0.69,57.64,82446.0,136861.0,5829566.0,22.46,891355.0,3.43,4938211.0,19.03,-3447983.0,-13.29,-2381584.0,-9.18,-100.0,1.182,1.185,613623424.0,725302887,725302887,2025-12-16,2025-12-16 15:34:24+08:00
159201,自由现金流ETF,1.172,1.1704,-0.14,-0.012,-1.01,3770229.0,441861924.268,1.183,1.184,1.168,1.184,1.35,5.74,1.19,46.61,1854091.0,1916138.0,-39019328.0,-8.83,-55021367.0,-12.45,16002039.0,3.62,19927066.0,4.51,19092262.0,4.32,9952.0,1.171,1.172,6565275904.0,7694503359,7694503359,2025-12-16,2025-12-16 15:34:15+08:00
561230,中证A50ETF基金,1.279,1.2766,-0.19,-0.013,-1.01,162525.0,20793008.0,1.288,1.292,1.273,1.292,1.47,2.29,0.96,18.27,68486.0,94039.0,1147903.0,5.52,1067589.0,5.13,80314.0,0.39,-687271.0,-3.31,-460633.0,-2.22,8.0,1.277,1.28,708477808.0,906143116,906143116,2025-12-16,2025-12-16 15:52:55+08:00
516830,300ESGETF,0.977,0.9765,-0.05,-0.01,-1.01,90166.0,8820289.0,0.987,0.987,0.974,0.987,1.32,5.65,1.56,25.29,43887.0,46279.0,-157842.0,-1.79,0.0,0.0,-157842.0,-1.79,107810.0,1.22,50031.0,0.57,-3000.0,0.977,0.979,159676900.0,156004331,156004331,2025-12-16,2025-12-16 15:52:58+08:00
510330,沪深300ETF华夏,4.684,4.6795,-0.1,-0.048,-1.01,941235.0,441777542.0,4.735,4.739,4.665,4.732,1.56,0.2,1.37,-67.06,463990.0,477245.0,-45074244.0,-10.2,-58962187.0,-13.35,13887943.0,3.14,27429496.0,6.21,17644749.0,3.99,-608.0,4.683,4.685,47530149888.0,222631222075,222631222075,2025-12-16,2025-12-16 15:53:01+08:00
510300,沪深300ETF,4.62,4.616,-0.09,-0.047,-1.01,7693550.0,3559031617.0,4.66,4.667,4.601,4.667,1.41,0.86,1.1,-54.05,3331838.0,4361712.0,-599344912.0,-16.84,-732052720.0,-20.57,132707808.0,3.73,278682352.0,7.83,320662573.0,9.01,-2561.0,4.62,4.621,89779986432.0,414783537316,414783537316,2025-12-16,2025-12-16 15:53:00+08:00
510950,上证50ETF广发,1.259,1.2606,0.13,-0.013,-1.02,51583.0,6491967.0,1.272,1.272,1.255,1.272,1.34,7.68,1.39,25.16,22133.0,29450.0,-486297.0,-7.49,1760172.0,27.11,-2246469.0,-34.6,-378512.0,-5.83,864807.0,13.32,40.0,1.258,1.259,67200000.0,84604800,84604800,2025-12-16,2025-12-16 15:53:00+08:00
560780,芯片设备ETF,1.643,1.6439,0.05,-0.017,-1.02,369409.0,60751801.0,1.644,1.665,1.621,1.66,2.65,4.36,1.02,-71.63,133959.0,235450.0,1394872.0,2.3,743109.0,1.22,651763.0,1.07,-1952106.0,-3.21,557235.0,0.92,3.0,1.642,1.643,846496000.0,1390792928,1390792928,2025-12-16,2025-12-16 15:52:54+08:00
515770,摩根MSCIAETF,1.358,1.3565,-0.11,-0.014,-1.02,49259.0,6676529.0,1.371,1.371,1.351,1.372,1.46,10.11,1.5,-16.11,24186.0,25073.0,415069.0,6.22,0.0,0.0,415069.0,6.22,-350105.0,-5.24,-64963.0,-0.97,10.0,1.355,1.357,48727300.0,66171673,66171673,2025-12-16,2025-12-16 15:52:55+08:00
159263,价值ETF,1.072,1.071,-0.09,-0.011,-1.02,503373.0,53947921.39,1.083,1.083,1.068,1.083,1.39,4.95,0.8,65.81,218012.0,285361.0,-4540307.0,-8.42,-9882391.0,-18.32,5342084.0,9.9,2723775.0,5.05,1816532.0,3.37,385.0,1.071,1.072,1016105120.0,1089264689,1089264689,2025-12-16,2025-12-16 15:34:06+08:00
159706,深证100ETF华安,0.873,0.8706,-0.28,-0.009,-1.02,37160.0,3241119.4,0.885,0.885,0.866,0.882,2.15,6.42,1.45,-95.51,21852.0,15308.0,78708.0,2.43,0.0,0.0,78708.0,2.43,-80006.0,-2.47,1298.0,0.04,2.0,0.873,0.877,57886800.0,50535176,50535176,2025-12-16,2025-12-16 15:34:21+08:00
516760,养殖ETF,0.679,0.6814,0.35,-0.007,-1.02,57566.0,3908683.0,0.681,0.689,0.675,0.686,2.04,2.45,0.91,21.92,20681.0,36885.0,-139152.0,-3.56,-757889.0,-19.39,618737.0,15.83,-115557.0,-2.96,254710.0,6.52,-500.0,0.68,0.681,235215100.0,159711053,159711053,2025-12-16,2025-12-16 15:52:57+08:00
512180,MSCIA股ETF基金,1.646,1.6353,-0.65,-0.017,-1.02,26.0,4270.0,1.65,1.65,1.637,1.663,0.78,0.0,0.19,23.11,14.0,12.0,-3447.0,-80.73,0.0,0.0,-3447.0,-80.73,0.0,0.0,3447.0,80.73,1.0,1.632,1.646,54048000.0,88963008,88963008,2025-12-16,2025-12-16 15:52:58+08:00
513830,港股红利ETF,1.168,1.1671,-0.08,-0.012,-1.02,54675.0,6391548.0,1.183,1.185,1.165,1.18,1.69,4.45,0.96,2.87,22920.0,31755.0,287878.0,4.5,82786.0,1.3,205092.0,3.21,-641332.0,-10.03,353454.0,5.53,69.0,1.167,1.168,122811000.0,143443248,143443248,2025-12-16,2025-12-16 15:52:57+08:00
510670,上证180ETF华夏,0.959,0.9569,-0.22,-0.01,-1.03,109894.0,10534848.0,0.969,0.969,0.955,0.969,1.44,3.46,1.09,-37.89,18126.0,91768.0,-3742600.0,-35.53,-1422650.0,-13.5,-2319950.0,-22.02,2935076.0,27.86,807524.0,7.67,200.0,0.958,0.959,317993008.0,304955295,304955295,2025-12-16,2025-12-16 15:52:50+08:00
512060,中证A100ETF天弘,1.156,1.1534,-0.23,-0.012,-1.03,3372.0,390499.0,1.163,1.163,1.15,1.168,1.11,1.78,0.4,-39.89,1535.0,1837.0,-71956.0,-18.43,0.0,0.0,-71956.0,-18.43,41312.0,10.58,30644.0,7.85,257.0,1.15,1.154,18928000.0,21880768,21880768,2025-12-16,2025-12-16 15:52:57+08:00
510310,沪深300ETF易方达,4.424,4.4181,-0.13,-0.046,-1.03,2627357.0,1163429951.0,4.465,4.47,4.406,4.47,1.43,0.4,1.74,-65.98,1348216.0,1279141.0,-259108112.0,-22.27,-227477472.0,-19.55,-31630640.0,-2.72,239784355.0,20.61,19323778.0,1.66,15.0,4.423,4.424,66342343936.0,293498529573,293498529573,2025-12-16,2025-12-16 15:53:01+08:00
560020,红利ETF汇添富,1.058,1.0585,0.05,-0.011,-1.03,6686.0,710141.0,1.067,1.067,1.057,1.069,0.94,0.82,0.66,5.73,3125.0,3561.0,-140241.0,-19.75,-475549.0,-66.97,335308.0,47.22,81025.0,11.41,59217.0,8.34,-54.0,1.058,1.06,81562000.0,86292596,86292596,2025-12-16,2025-12-16 15:52:57+08:00
563520,沪深300ETF永赢,1.151,1.1504,-0.05,-0.012,-1.03,150549.0,17348412.0,1.163,1.164,1.147,1.163,1.46,2.78,0.94,2.69,52378.0,98171.0,-136433.0,-0.79,2174449.0,12.53,-2310882.0,-13.32,103668.0,0.6,32765.0,0.19,100.0,1.15,1.152,541065008.0,622765824,622765824,2025-12-16,2025-12-16 15:52:52+08:00
515310,沪深300指数ETF,1.341,1.3402,-0.06,-0.014,-1.03,211737.0,28420516.0,1.356,1.356,1.336,1.355,1.48,7.87,1.46,37.32,85257.0,126480.0,-8175877.0,-28.77,-1335880.0,-4.7,-6839997.0,-24.07,3700474.0,13.02,4475403.0,15.75,-15.0,1.341,1.342,269111200.0,360878119,360878119,2025-12-16,2025-12-16 15:52:57+08:00
562660,中证2000ETF华夏,1.627,1.6241,-0.18,-0.017,-1.03,93356.0,15160079.0,1.634,1.645,1.616,1.644,1.76,5.05,0.67,-16.03,54271.0,39085.0,2350244.0,15.5,547711.0,3.61,1802533.0,11.89,-126745.0,-0.84,-2223500.0,-14.67,3.0,1.623,1.627,184874000.0,300789998,300789998,2025-12-16,2025-12-16 15:52:54+08:00
515180,红利ETF易方达,1.347,1.3461,-0.07,-0.014,-1.03,2107879.0,284173877.0,1.359,1.359,1.343,1.361,1.18,2.47,1.88,14.87,813445.0,1294435.0,58598489.0,20.62,30091553.0,10.59,28506936.0,10.03,5269327.0,1.85,-63867816.0,-22.47,3.0,1.346,1.347,8526637056.0,11485380114,11485380114,2025-12-16,2025-12-16 15:52:57+08:00
159209,中证红利质量ETF,1.142,1.1398,-0.19,-0.012,-1.04,382942.0,43736991.08,1.154,1.157,1.137,1.154,1.73,8.07,2.57,69.62,211672.0,171270.0,-5799759.0,-13.26,-9487324.0,-21.69,3687565.0,8.43,3162673.0,7.23,2637087.0,6.03,822.0,1.141,1.142,474635056.0,542033234,542033234,2025-12-16,2025-12-16 15:34:24+08:00
513230,港股消费ETF,1.042,1.0447,0.26,-0.011,-1.04,298424.0,31102015.0,1.051,1.054,1.037,1.053,1.61,9.37,0.8,-7.35,137784.0,160640.0,-122410.0,-0.39,-1398960.0,-4.5,1276550.0,4.1,-614891.0,-1.98,737300.0,2.37,104.0,1.041,1.042,318422704.0,331796458,331796458,2025-12-16,2025-12-16 15:52:57+08:00
159306,汽车零件ETF,1.326,1.3269,0.07,-0.014,-1.04,5407.0,721573.4,1.341,1.363,1.32,1.34,3.21,1.98,1.45,11.93,1232.0,4175.0,21985.0,3.05,192937.0,26.74,-170952.0,-23.69,-112829.0,-15.64,90843.0,12.59,-377.0,1.326,1.33,27244616.0,36126361,36126361,2025-12-16,2025-12-16 15:34:33+08:00
515360,方正沪深300ETF,6.31,6.3038,-0.1,-0.066,-1.04,3037.0,1927780.0,6.376,6.379,6.291,6.376,1.38,0.83,1.82,-34.65,614.0,2423.0,-56350.0,-2.92,1020490.0,52.94,-1076840.0,-55.86,56031.0,2.91,320.0,0.02,10.0,6.309,6.31,36779300.0,232077383,232077383,2025-12-16,2025-12-16 15:52:56+08:00
563800,A500ETF龙头,1.144,1.1414,-0.23,-0.012,-1.04,9073697.0,1036757272.0,1.156,1.156,1.137,1.156,1.64,7.77,1.32,57.79,4958396.0,4115302.0,-2449195.0,-0.24,31888800.0,3.08,-34337995.0,-3.31,2868996.0,0.28,-419808.0,-0.04,1.0,1.143,1.144,11683977984.0,13366470814,13366470814,2025-12-16,2025-12-16 15:52:53+08:00
512160,MSCI中国A股ETF,1.422,1.4239,0.13,-0.015,-1.04,30640.0,4363782.0,1.436,1.437,1.419,1.437,1.25,1.97,0.76,4.01,11597.0,19043.0,-357204.0,-8.19,-1422000.0,-32.59,1064796.0,24.4,192874.0,4.42,164330.0,3.77,287.0,1.422,1.427,155777800.0,221516032,221516032,2025-12-16,2025-12-16 15:53:00+08:00
